2909 4717
277 225 321 288 ru
348 221 558 288 arcanam
588 225 643 286 m
669 173 980 290 reclamamus.
1077 194 1161 283 533

154 381 235 462 Pag.
254 400 303 463 ος).
316 379 355 441 Α.
378 377 468 463 [134.
489 378 535 461 3.]
562 369 646 439 ὅτιὸ
673 379 833 456 Alaudas,
854 381 967 457 scribe,
990 369 1038 443 tiu
1054 377 1162 444 Ὀδαιῑ·

61 463 186 534 sadoc.
234 463 284 522 Sic
317 466 398 524 enim
425 462 484 523 hoe
517 483 627 522 nornen
656 464 797 523 scribitur
820 463 899 543 apud
940 464 1101 526 Libnnium
1128 468 1163 528 in

62 546 156 624 opist.
181 567 253 628 999„
272 556 302 606 et
332 546 413 627 apud
442 544 566 605 Suidam
592 546 624 604 in
639 536 850 621 Ὀοαίνοθος,
878 547 931 625 qui
948 543 1033 606 loeus
1049 547 1161 608 descri-

61 638 143 768 fitus
166 640 216 688 est
235 650 269 688 ex
286 629 445 688 Damaseio
460 631 491 687 in
513 629 618 686 Isidori
640 630 713 688 vita.
755 629 800 687 lta
822 629 913 688 etiam
929 628 1070 688 scribitur
1080 629 1162 710 apud

96 712 244 790 uagrium
263 714 295 769 in
310 712 370 771 line
390 710 460 770 libri
481 712 520 772 V.
529 712 628 770 Porro
645 709 703 770 hoc
719 710 923 791 fragmentum
938 732 1008 772 cum
1025 713 1161 793 superio-
1272 758 1282 784 ,

61 813 98 853 ru
116 793 337 855 collocandum
353 804 418 855 erat
446 815 516 875 pag.
531 791 582 871 ο4.
598 794 638 853 D.
660 803 714 853 aut
733 795 784 856 25.
808 794 845 854 C.

473 961 763 978 m

153 1137 238 1211 EX
261 1134 533 1210 HISTORIA
557 1134 745 1228 PRISCI
770 1133 1071 1212 RHETORIS.

147 1297 229 1379 Png.
242 1296 291 1359 33.
307 1294 445 1378 Α.[14ο,
463 1293 505 1376 1.]
525 1295 571 1355 Ut
589 1294 665 1356 ordo
674 1306 811 1358 servetur
827 1296 980 1372 historiae,
1000 1292 1157 1356 collocan-

58 1378 101 1439 da
119 1392 171 1441 est
202 1390 272 1439 aute
295 1381 396 1440 omnia
421 1377 532 1458 legatio
561 1376 614 1438 illa
634 1380 731 1456 Ruae,
754 1382 832 1460 regis
855 1380 1060 1454 Hunnorum,
1082 1399 1161 1459 quae

81 1485 132 1544 ag.
152 1461 206 1544 47.
223 1462 262 1521 A.
283 1461 421 1521 habetur.
462 1462 541 1521 Nam
555 1463 680 1542 Margus
695 1473 726 1523 et
741 1462 946 1521 Viminacium
961 1472 1030 1543 post
1041 1461 1160 1523 obitum

55 1483 152 1606 lluae
170 1545 212 1605 ab
231 1544 327 1604 Attila
403 1555 470 1603 tum
484 1555 549 1620 est,
576 1555 611 1603 ut
629 1546 716 1604 docet
737 1565 805 1625 pag.
825 1543 873 1627 59.
896 1546 936 1604 D.

147 1630 230 1708 Peg.
251 1629 302 1709 47.
319 1628 356 1687 Α.
404 1626 480 1707 167,
503 1624 539 1707 1,]
561 1622 783 1706 Ἀμιλζοοροις
822 1627 876 1687 καί
896 1619 1069 1704 Ἰτιμοίροις
1097 1634 1253 1690 aeneos

57 1709 191 1771 Harum
214 1712 347 1790 gentium
369 1712 492 1768 nomina
511 1708 603 1790 paulo
624 1707 711 1767 aliter
729 1709 821 1768 relert
836 1709 979 1768 lordanes
1001 1708 1033 1767 in
1049 1707 1159 1768 Gothi-

57 1794 123 1854 cis:
171 1793 346 1875 Alrpsnros,
366 1793 517 1864 Ιιιόιοτοι,
536 1793 698 1851 Tamassos
710 1804 739 1851 et
758 1792 878 1852 Baianos
892 1791 1001 1851 Hunni
1022 1811 1159 1874 raperere.

151 1877 233 1955 Pag.
254 1874 304 1952 48.
324 1876 358 1934 Β.
380 1872 477 1956 [168‚
504 1873 550 1956 7.]
572 1875 646 1933 Post
671 1873 750 1933 hanc
776 1873 955 1956 legationem
983 1871 1159 1935 collocanda

55 1968 135 2017 sunt
157 1980 206 2030 ea,
224 1978 301 2038 quae
312 1957 405 2016 habes
414 1978 481 2038 pag.
496 1956 595 2018 ΞΜ.
606 1967 636 2017 ct
659 1953 862 2038 sequentibus

149 2041 229 2120 Pag.
252 2041 299 2101 35.
320 2041 354 2099 Β.
380 2038 465 2122 [143.
487 2037 532 2120 3.]
557 2032 734 2108 rationarii
763 2031 880 2122 χρόνον
900 2031 971 2099 τινὰ
986 2031 1159 2118 τὴνβαρυι
1222 2068 1227 2082 ¹

54 2116 164 2200 asima
185 2122 417 2203 κουφισθέντας
440 2121 496 2199 τῆς
516 2120 572 2200 γῆς
591 2111 788 2201 ἀποτίμησιν.
832 2121 922 2182 Hunc
937 2119 1038 2180 locum
1062 2120 1158 2182 fusius

61 2202 217 2286 explicavi
240 2205 271 2263 in
299 2204 555 2263 Annotationibus
581 2203 619 2262 ad
643 2202 696 2263 lib.
721 2224 767 2285 19.
793 2201 947 2263 Ammiani
962 2201 1158 2280 Marcellini,
1211 2245 1222 2264 .

58 2307 129 2368 pag.
146 2288 227 2370 167„
247 2287 352 2347 ubido
371 2308 477 2350 sensus
504 2286 686 2346 relevatione
708 2286 822 2346 affatim
848 2286 917 2347 dixi.
959 2287 1065 2346 Graeci
1080 2304 1157 2344 κον-

61 2365 189 2450 proptr
208 2382 325 2434 vocant.
367 2369 416 2428 Sic
438 2369 647 2430 Theodoretus
677 2371 708 2429 in
731 2371 816 2453 epist.
834 2367 888 2448 45.
907 2379 938 2430 et
954 2366 1003 2454 47.
1022 2375 1159 2430 etvetus

58 2451 222 2535 inscriptio
248 2451 329 2535 apud
348 2454 513 2513 Gruterum
527 2473 594 2534 pag.
619 2451 708 2513 1116.
721 2475 730 2513 :
792 2467 798 2482 ⁸

181 2565 344 2649 ‘Eaarar'qg
365 2562 467 2645 πάσης
481 2560 599 2645 χθονὸς
618 2555 751 2647 ὄβριμον
774 2563 932 2646 ῖθοντῆροι
1034 2579 1042 2594 ·

229 2646 419 2732 Μάρκελλον
436 2645 454 2707 ὅ
471 2644 596 2727 θρασὺς
606 2643 719 2727 arripias
740 2645 837 2730 μόρος
859 2641 986 2727 ταμίην·

181 2726 329 2805 Ἑλλάδος
348 2725 464 2809 α’γλαὸν
480 2725 585 2810 ἔρνος,
600 2724 635 2801 ὃς
651 2726 779 2814 εὖοοκίῃ
803 2724 979 2789 Κυκλάδων
998 2727 1057 2808 γῆς

232 2813 408 2898 Κουφιζων
421 2805 533 2883 πόλιας
551 2813 649 2894 θῆκεν
667 2810 897 2896 ἐλαφροτέρας.

58 2927 208 3010 Ceterum
230 2930 304 2991 haec
322 2927 467 2991 relevatio
488 2940 541 2990 αι
564 2930 736 3010 principum
750 2928 897 2989 beneficio
913 2924 1158 3008 concedebatur,

60 3026 114 3074 aut
126 3016 265 3077 iudicum
283 3013 450 3089 sententia,
472 3024 506 3073 ut
523 3016 565 3073 ait
581 3014 713 3073 Priscus.
757 3012 875 3072 ludices
897 3021 998 3070 autem
1018 3009 1164 3091 intelligo,

59 3109 295 3181 peraequatores
309 3107 362 3160 ιιι
382 3096 556 3173 censitores,
581 3098 634 3177 qni
651 3095 690 3155 ad
707 3093 907 3177 inspiciendos
922 3114 957 3152 ac
975 3091 1154 3154 relevandos

59 3181 295 3260 provincialium
315 3199 421 3239 census
445 3201 464 3238 a
481 3179 618 3261 principe
635 3177 842 3241 mittebantur.

144 3268 225 3345 Pag.
243 3264 295 3325 55.
315 3262 349 3321 B.
373 3259 461 3345 [143,
486 3261 533 3344 6.]
560 3260 595 3322 ἑν
612 3262 651 3344 τῇ
673 3259 823 3344 γερουσίᾳ
848 3247 916 3319 ἅνω
932 3255 1151 3338 γεγραμμένοι.

60 3345 194 3409 Videtur
208 3345 400 3408 scribendum
417 3365 479 3405 esse
497 3335 775 3424 ἀναγεγραμμένοι.
817 3344 931 3403 Omnes
956 3343 1036 3410 enim
1061 3361 1149 3403 sena-

59 3438 141 3490 tores
155 3451 266 3490 aurum
285 3429 422 3490 conferre
441 3427 645 3510 cogebantur,
669 3438 733 3486 tam
748 3447 846 3509 nuper
861 3424 980 3502 allecti,
1001 3446 1099 3506 quam·
1112 3426 1148 3498 ii,

58 3516 114 3593 qui
131 3513 250 3593 pridem
264 3516 296 3573 in
317 3513 462 3572 Senatum
482 3512 624 3592 adscripti
644 3511 774 3571 fuerant.
816 3509 962 3569 Conferre
980 3519 1081 3567 autem
1095 3526 1150 3565 co-

59 3595 211 3676 gebantur
225 3596 382 3655 Senatores
403 3604 521 3655 certum
540 3596 605 3654 auri
620 3592 740 3675 pondus
761 3594 791 3653 in
815 3591 983 3675 praemium
1001 3609 1073 3649 snae
1100 3587 1149 3646 di·
1262 3669 1266 3674 Δ

59 3678 196 3757 gnitatis.
236 3676 285 3737 Sic
300 3680 380 3737 enim
400 3677 546 3737 vertenda
562 3688 632 3736 sunt
646 3676 721 3736 haec
741 3675 846 3750 verba,
877 3669 957 3753 ὑπὲρ
975 3668 1067 3752 σφῶν
1088 3664 1149 3727 arl-

59 3759 124 3818 τῶν
150 3757 264 3837 ἀξίας,
285 3779 347 3820 non
364 3770 400 3819 ut
416 3758 613 3821 Cantorlarus
638 3759 754 3834 vertit,
777 3760 965 3840 ultraquam
982 3752 1148 3833 facultates

87 3863 138 3901 aare
228 3855 308 3903 rarat.

44 3842 87 3921 st
172 3947 220 4007 ag.
242 3922 338 4009 sps.
376 3920 444 4001 146,
459 3923 553 4007 9.]1.
591 3945 608 3984 e
644 3916 738 3985 παντὶ
753 3915 910 4001 ὑπήκουον
927 3911 1124 3993 ἐπιτάγματα

142 4009 223 4090 Pag.
240 4008 289 4092 37.
307 4007 341 4072 B.
385 4005 452 4086 146,
475 4006 537 4092 19.]
554 3946 638 4067 edost
653 4004 727 4066 haec
750 4004 861 4075 verba,
882 3996 938 4060 κατ’
954 3988 1149 4076 οτρατηγοὺς

58 4090 328 4174 gargarizandum,
341 4112 373 4173 p.
390 4090 441 4175 37.
457 4091 511 4174 B.‚
527 4075 655 4152 videtur
677 4085 854 4150 collocanda
875 4081 983 4166 legatio
997 4077 1069 4142 issa:
1097 4067 1147 4142 ὅτι
