2909 4717
282 229 363 289 1111
714 226 770 286 DE
796 222 942 288 PETRO.

282 400 352 440 cum
373 377 485 459 Vigilio
504 378 609 460 Papa,
641 378 694 459 qui
726 376 917 441 Chalcedone
945 377 1154 456 detinebatur,
1183 376 1223 443 de
1242 379 1388 462 negotio

280 479 374 537 trium
386 476 587 559 capitulorum
598 486 711 559 ageret.
755 477 886 560 Vigilius
907 477 974 557 uhi,
995 499 1074 561 quae
1092 489 1165 538 tunc
1184 488 1252 539 acta
1273 488 1381 553 sunt,
1434 472 1436 479 ’

279 587 396 653 narrat,
424 576 550 637 Petrum
571 575 780 653 exconsulem,
803 578 964 659 patricium
995 588 1026 638 et
1054 580 1232 658 magistrum
1252 589 1379 638 vocat:

280 695 350 736 mox
378 675 569 758 magnificum
597 678 698 737 virum
728 687 759 737 ct
778 677 1032 737 referendariums
1056 678 1108 758 qui
1128 687 1201 736 tunc
1223 675 1382 738 exconsul

278 774 454 855 dicebatur,
476 787 541 836 erat
560 797 650 859 quem
670 776 839 857 Imperator
865 775 1036 837 consulatus
1060 774 1205 837 codicillis
1232 796 1380 837 ornave-

278 886 348 955 rat3
376 896 445 936 euin
475 887 579 958 postea
608 878 639 945 in
662 876 829 958 Byzantino
850 878 997 958 imperio,
1025 878 1070 937 rei
1091 876 1236 957 dignitate
1255 875 1377 957 paula·

277 975 333 1034 tim
354 974 533 1052 imminuta,
556 972 710 1035 consulem
724 985 755 1034 et
775 974 921 1057 hypatum
944 976 1095 1035 dixerunt.
1121 975 1234 1036 Decem
1252 975 1379 1035 deinde

276 1075 363 1138 annis
382 1075 563 1149 interiectis,
585 1095 615 1132 a.
625 1072 708 1150 562,
727 1075 809 1155 pacis
827 1076 981 1156 negotium
993 1095 1063 1135 cum
1074 1073 1175 1135 Persis
1187 1076 1312 1149 iterum,
1330 1096 1373 1135 ac

277 1171 409 1234 feliciore
430 1174 552 1255 quidem
568 1173 661 1249 etita,
685 1174 834 1255 suscepit,
866 1174 1065 1255 ignominiosa
1085 1173 1219 1254 quidun,
1238 1173 1293 1234 sed
1305 1195 1373 1256 pro

277 1271 425 1331 exhaustis
438 1273 559 1354 imperii
579 1271 694 1332 viribus
708 1273 886 1348 necessaria,
897 1292 971 1354 pace
985 1273 1017 1331 in
1030 1273 1249 1354 quinquaginta
1261 1293 1368 1333 annos

276 1375 442 1452 composita
450 1372 500 1446 ³⁵).
523 1370 586 1430 Ubi
606 1354 700 1452 quum
717 1392 736 1431 a
754 1369 852 1453 legato
870 1370 993 1432 Persico
1009 1392 1099 1453 super
1111 1373 1244 1448 Suania,
1265 1393 1369 1453 quam

273 1469 384 1530 Petrus
409 1469 583 1551 repetebat,
611 1467 712 1530 fallaci
734 1491 786 1552 spe
811 1472 984 1551 proposita,
1006 1470 1045 1530 ad
1065 1490 1167 1552 regem
1192 1469 1370 1533 chosroem

272 1570 401 1627 reiectus
422 1579 518 1647 esset,
542 1588 622 1628 anno
642 1571 778 1649 proximo
800 1568 882 1628 hunc
904 1568 996 1627 adiit:
1020 1588 1127 1629 verum
1144 1568 1267 1629 frustra.
1313 1569 1366 1631 Ex

276 1689 336 1748 qua
359 1667 507 1750 legatione
529 1668 708 1750 Byzantium
737 1688 890 1744 reversus,
909 1666 992 1727 haud
1014 1665 1110 1727 multo
1129 1678 1197 1751 post
1214 1664 1364 1748 obittw),

274 1764 314 1826 28
334 1768 396 1827 fere
425 1769 511 1828 annis
536 1778 603 1847 post
620 1772 750 1849 primam
777 1766 956 1849 legationem
980 1765 1134 1844 Italicam,
1164 1765 1269 1828 relicto
1294 1767 1364 1829 filio

273 1863 458 1941 Theodoro,
483 1865 536 1945 qui
559 1867 620 1924 iam
638 1886 667 1924 a.
697 1863 769 1926 565.
789 1864 966 1946 dignitatern
986 1864 1265 1946 patrisobtinehut3
1285 1886 1361 1928 mcx

271 1984 372 2024 comes
395 1963 589 2043 largitionum
620 1962 735 2041 factus,
765 1972 855 2043 atque
886 1984 915 2022 a.
944 1961 1015 2046 576.
1050 1964 1089 2025 ad
1113 1963 1219 2025 Persas
1249 1966 1364 2025 mhsus

272 2065 377 2139 estu).
418 2060 625 2121 Christianum
641 2061 731 2122 luisse
747 2061 875 2122 Petrum
887 2061 980 2123 dubio
996 2074 1097 2125 caret:
1119 2066 1231 2146 quippe
1251 2065 1305 2144 qui
1325 2067 1362 2125 in

269 2160 419 2242 legatione
443 2160 566 2220 Persica
582 2170 618 2219 ut
633 2159 766 2220 namlem
793 2159 902 2221 Christi
934 2161 1076 2238 Domini,
1096 2161 1362 2243 Epiphaniamque

273 2258 458 2340 celebraret,
486 2258 653 2320 substiterit
672 2260 734 2337 ²⁸),
768 2269 858 2341 atque
885 2281 955 2321 cum
968 2257 1080 2341 vigilio
1101 2260 1187 2343 Papa
1209 2261 1357 2323 derebus

271 2380 348 2443 quae
369 2359 409 2419 ad
432 2359 572 2442 dogmata
596 2362 747 2441 pertinent
781 2360 884 2442 egerit.

355 2459 412 2519 Hic
426 2458 536 2519 Petrus
556 2460 637 2519 inter
650 2478 778 2520 coaevos
798 2457 967 2518 incredibili
987 2457 1119 2539 pradum
1142 2458 1244 2521 lloruit
1264 2459 1356 2521 laude

270 2568 300 2617 et
322 2557 434 2640 gloria:
454 2560 540 2618 cuius
562 2560 605 2617 rei
625 2560 803 2618 testimonia
826 2556 903 2616 infra
924 2560 1022 2637 posui.
1066 2558 1191 2618 Praeter
1211 2558 1356 2640 eloquen-

269 2660 361 2732 tiam,
391 2668 481 2739 atque
501 2659 622 2719 unicam
648 2660 680 2717 in
698 2656 906 2739 persuadendo
934 2658 1019 2734 vim,
1042 2677 1191 2718 summam
1212 2659 1242 2717 in
1264 2656 1355 2721 rebus

268 2756 431 2818 tractandis
469 2756 651 2833 sollertiam,
683 2756 869 2840 diligentiam
895 2755 1094 2836 indefessam,
1124 2756 1226 2840 legum
1250 2760 1353 2838 cogni·

268 2859 382 2918 tionem
402 2859 674 2934 accuratissimam,
693 2856 893 2917 eruditionem
914 2856 1128 2937 omnigenam,
1148 2860 1176 2916 ei
1195 2856 1351 2932 tribuunt3

267 2968 334 3016 tram
363 2974 436 3017 vcro
461 2977 620 3017 amoenum
651 2956 806 3038 ingenium
817 3001 833 3029 „
855 2959 1020 3038 mitemque
1051 2958 1205 3019 animum:
1232 2957 1263 3016 in
1291 2977 1352 3037 quo

269 3076 338 3121 cum
366 3056 456 3114 unico
486 3058 572 3115 cuius
596 3054 689 3115 verba
721 3054 760 3113 ad
784 3075 839 3114 nos
861 3066 1064 3135 pervenerunt
1090 3056 1288 3117 obtrectatore
1311 3056 1349 3135 2⁹)

267 3155 310 3214 ita
331 3154 481 3213 consentit
497 3153 581 3214 Petri
604 3152 698 3213 cliens
724 3150 875 3213 lohannes
900 3152 1022 3234 Lydus,
1045 3164 1080 3213 ut
1103 3153 1161 3213 hoc
1184 3163 1264 3214 certe
1279 3175 1350 3214 con-

268 3262 337 3332 stet,
358 3250 539 3315 benevolum
558 3253 661 3333 tuisse,
683 3250 873 3333 liberumque
892 3251 932 3311 ab
945 3253 1029 3313 omni
1048 3256 1230 3335 arrogantia.
1251 3252 1349 3314 Etiam

334 3432 584 3557 porgiggndulgpqpel
609 3433 639 3484 in
662 3433 863 3502 subscriptione
889 3433 1022 3502 epistolae
1047 3431 1199 3500 encyclicae
1224 3445 1344 3488 censeat:

354 3540 360 3552 .
403 3541 408 3552 .
449 3518 522 3554 asir
585 3538 591 3551 .

283 3571 624 3695 25)leenander‚dp.3436.
635 3587 694 3696 sqg.
713 3570 756 3693 cg.
774 3572 804 3693 ξ.
857 3574 903 3641 26)
921 3573 1035 3695 nlblldp'
1045 3576 1155 3695 373617.
1211 3572 1258 3645 27)
1277 3574 1344 3660 Vide

334 3658 823 3775 loidilihhlt.lliiolhim'adve'nda
840 3643 961 3766 Fshiieii
977 3646 1147 3783 diiigeniidh
1154 3661 1279 3784 ldgdid’
1290 3662 1343 3769 ihud

332 3800 433 3835 nomen
451 3783 523 3835 Petri
543 3781 577 3833 ad
594 3798 649 3834 rem
666 3781 834 3850 probandam
851 3799 947 3851 parum
966 3782 1101 3837 efficeret:
1122 3786 1257 3838 lohannes
1274 3788 1341 3837 enim

330 3852 422 3921 Lydus
447 3853 493 3904 vis
521 3855 632 3905 nomine
648 3860 739 3904 'tenus
757 3853 931 3905 Christianus
948 3853 1020 3919 suit,
1038 3871 1129 3923 neque
1147 3872 1180 3907 co
1198 3856 1280 3923 magis
1299 3857 1339 3907 lc·
1431 3856 1432 3861 ’

331 3922 592 3977 hannesStobaeus:
615 3923 742 3974 Iacobum
760 3922 906 3983 medicum,
924 3924 1038 3976 natione
1055 3924 1196 3987 Achivum,
1214 3942 1340 3993 paganum

330 3994 571 4064 religioucsuisse,
595 3993 696 4046 diserte
709 4001 800 4045 narrat
810 3988 985 4046 Marcellinus
1005 3996 1035 4046 in
1053 3993 1152 4047 Chrou.
1178 3996 1231 4046 suh
1250 4012 1273 4045 a.
1284 3997 1338 4059 462

329 4063 677 4194 gggllgggppiusduecdct.
697 4067 771 4143 app.
783 4082 839 4133 pu:
861 4065 953 4137 πρᾷος
972 4059 1006 4131 ἢν
1025 4066 1073 4118 καὶ
1090 4065 1128 4124 ὥς
1144 4064 1249 4132 dstote
1266 4063 1336 4137 typr-
