2909 4717
274 158 357 260 524
692 175 907 244 rarscunr
942 277 947 286 Ι

273 346 306 406 si
323 341 422 403 desint
435 337 569 413 imbres,
590 355 645 397 uec
664 333 775 417 linquit
788 338 874 418 eopia
898 338 1019 414 viotrn,
1091 353 1094 359 '

275 439 473 520 consiliisque
494 437 554 496 tuis
577 455 734 496 servamur
750 456 838 518 saepe
861 441 1004 518 paternis.

276 543 449 623 Aegyptum
469 547 581 618 septem
602 536 644 596 sio
666 546 767 596 servat
789 535 929 619 losiphus
944 555 1057 612 annus,

277 640 348 712 lile,
365 637 525 720 pudicitiae
549 636 660 695 meruit
673 637 726 716 qui
745 634 843 696 sidera
864 634 965 711 famu,

278 739 374 801 Cuius
397 735 527 819 placavit
547 736 691 817 sapientia
709 725 844 796 numinis
865 736 944 810 inas,

278 837 464 919 Memphitae
490 835 568 915 regis
586 833 707 895 solvens
722 835 870 898 insomnia
885 837 974 894 111111.

280 938 398 998 Horrea
411 956 482 996 nam
502 937 617 1016 primus
639 933 700 994 Nili
718 944 925 996 oonstruxnrnt
945 935 1024 1005 oris,

279 1039 412 1097 Luxurie
432 1033 595 1117 prohibens
609 1033 700 1094 urbes
722 1044 886 1115 cautusque
905 1033 1018 1110 futuri,

280 1137 382 1218 Atque
400 1134 510 1194 famem
526 1134 624 1214 potuit
639 1133 745 1194 divina
763 1132 884 1193 vincere
901 1154 985 1194 eura.

366 1236 426 1296 Per
443 1245 473 1294 te
488 1233 594 1293 seditio
610 1236 728 1314 penitus
742 1232 866 1296 ¹deletur
881 1233 921 1293 ab
943 1233 1036 1310 urbe,
1111 1238 1114 1244 ’

282 1336 433 1396 Innocuos
455 1332 584 1415 spolians
601 1333 662 1396 sub
680 1343 776 1396 terras
795 1331 859 1394 1010
876 1343 1017 1394 retracto

285 1437 364 1495 Nam
384 1436 463 1494 cives
487 1433 594 1493 mediis
618 1432 783 1496 caedebant
803 1432 963 1494 moenibus
984 1453 1075 1508 ense,

285 1532 467 1594 Bacchantes
485 1531 613 1593 stimulis
631 1532 716 1607 vini,
740 1530 907 1612 plausuque
926 1531 1105 1606 frementes,

284 1633 326 1694 Et
339 1630 440 1714 spoliis
457 1635 538 1712 pacis
558 1630 721 1712 gaudentes
739 1640 829 1692 nocte
846 1622 968 1710 paratis.

286 1733 353 1814 lpse
374 1742 458 1792 vetas
473 1719 580 1810 ludos,
601 1732 772 1791 animarum
793 1729 921 1801 damna,
944 1727 1102 1804 nefandos,

286 1830 389 1912 Atque
405 1827 573 1912 voluptates
589 1828 731 1912 prohibes
751 1830 929 1909 asauguine
944 1829 1022 1889 sumi
1039 1872 1047 1900 ‚

285 1929 425 2012 Corporis
443 1939 473 1990 et
490 1949 580 1991 causa
600 1927 741 2010 pascendi
760 1927 885 2009 perdere
914 1929 1031 2003 vitam3

287 2029 444 2090 Humanos
465 2048 570 2088 arcens
585 2026 711 2088 lacerari
727 2026 869 2091 dentibus
888 2037 993 2102 srtus,
1063 2103 1067 2110 ι

285 2128 457 2206 Dentibus,
478 2136 614 2188 armatur
628 2126 727 2188 rabies
742 2125 853 2206 quibus
873 2136 938 2186 atra
957 2125 1100 2185 senarum.

287 2227 330 2290 Et
346 2246 491 2307 superans
510 2244 616 2285 omnes
630 2227 740 2284 mentis
754 2227 889 2286 novitate
902 2223 1067 2305 benignae,

289 2322 408 2386 sufficis
427 2323 510 2385 haud
535 2323 636 2384 animo
656 2326 789 2405 cupienti
807 2323 966 2385 oommoda
980 2323 1095 2383 cunctis

288 2424 425 2507 turgisi,
445 2423 584 2505 quamvis
600 2439 764 2488 nnmerum
785 2425 936 2485 vincentis
949 2422 1065 2498 donas,

291 2527 442 2608 Ingenuus
457 2522 615 2604 relevans,
636 2523 754 2585 occulte
770 2543 897 2585 munera
910 2531 1076 2604 praestans.

290 2625 431 2714 Namque
444 2625 528 2704 cupis
548 2609 657 2706 Superi
673 2635 704 2685 te
724 2626 808 2684 011111
828 2622 943 2684 lumine
963 2619 1053 2697 10101

292 2723 492 2806 corrupitque
507 2733 595 2783 tuum
608 2743 671 2784 non
688 2722 751 2784 ulls
765 2721 905 2804 superbia
920 2731 1045 2802 pennis,
1181 2707 1184 2713 ⁵

250 2895 255 2904 ,
293 2821 491 2905 Affectusque
509 2821 606 2884 bonos
632 2823 757 2882 minime
774 2821 895 2884 1011111111
912 2822 1048 2881 novavit.

292 2923 334 2983 Et
353 2923 551 3003 quicumque,
577 2923 662 3003 prius
681 2942 804 3002 caperes
826 2941 917 3001 quam
935 2929 1052 3001 sceptra
1072 2928 1213 2999 rugatus,
1341 2917 1356 2933 '

294 3019 430 3080 Offendit
445 3022 586 3102 propriae
606 3030 770 3081 temeratus
787 3020 912 3080 crimine
928 3017 1055 3099 culpae,

293 3116 405 3180 Felicis
420 3118 535 3180 domini
552 3120 665 3180 srnitur
683 3140 766 3179 nunc
787 3130 924 3199 ternpore
943 3116 1041 3194 laeto,

293 3216 433 3278 Praemia
455 3238 512 3298 pro
527 3220 632 3299 poenis
655 3221 783 3300 speratis
802 3237 919 3279 sumere
936 3219 1062 3276 11111011.

294 3315 409 3376 Omnia
430 3316 483 3376 sed
498 3329 639 3398 superat,
660 3315 824 3398 Princeps,
844 3316 1004 3398 praeconia
1027 3325 1126 3378 vestm

292 3415 489 3496 Propositum
509 3418 642 3498 sapiens,
658 3439 720 3501 quo
739 3416 815 3477 fidos
829 3415 913 3497 eligis
935 3414 1022 3476 aulae

295 3513 458 3589 Custodes,
484 3536 538 3598 per
556 3536 632 3597 quos
652 3517 791 3578 Romana
811 3517 946 3596 potentin
966 3525 1097 3586 creseat,

292 3615 335 3678 Et
357 3635 439 3696 quo,
463 3614 560 3676 Roma
576 3625 663 3676 vetus
688 3617 769 3677 misit
786 3636 1004 3697 quoscunque,
1030 3614 1161 3696 benigne

297 3714 473 3795 Sustentas,
495 3715 577 3776 omni
595 3718 713 3797 penitus
727 3718 846 3778 ratione
861 3714 1010 3790 fovendo,

277 3813 444 3877 xProvehis
463 3826 494 3875 et
514 3814 658 3896 gradibus
677 3814 838 3897 praeclaris
854 3814 949 3875 laetus
961 3812 1131 3890 honorum,

297 3912 342 3984 Ne
358 3912 459 3972 damni
483 3917 598 3995 patriae
619 3938 722 3977 sensus
742 3916 855 3976 tiantve
880 3913 1010 3980 dolores.

297 4008 466 4074 Fortunam
488 4034 583 4094 quare
608 4016 662 4077 tibi
683 4015 794 4078 debent
820 4025 910 4100 atque
928 4012 1077 4091 salutem,
