2909 4717
478 229 773 297 portaremus.

76 380 213 444 Obtulit
232 393 262 445 et
281 388 399 447 vinctos
419 384 514 446 oculis
534 386 723 470 domitosque
744 399 913 471 tymnnos,

74 481 171 544 Ante
191 484 281 565 pedes
296 496 410 546 vestros
427 485 534 546 mediis
546 486 735 553 Circensibus
754 498 846 548 actos.

168 583 317 645 Aemilius
333 585 490 667 quondam
506 583 640 662 Paulus,
659 585 842 648 l'ortisslrnus
865 583 936 662 ille,

73 681 131 742 Sic
161 703 265 766 regem
283 679 412 759 Persen,
440 681 552 766 populo
564 695 716 768 spectante
729 686 860 760 Lstino,
1113 695 1168 780 ¹75

74 780 237 843 Curribus
255 784 392 844 invectus
405 783 566 865 Tarpeiam
580 785 671 845 traxit
688 784 726 845 ad
745 803 867 862 arcem,

71 880 282 963 Placavitque
300 881 405 944 lovem
419 882 564 964 Capitolia
584 882 698 967 templa
720 894 886 945 tenentem.

76 980 291 1063 Omnipotens
309 983 362 1043 sed
374 984 571 1065 teSuperum
585 986 739 1066 conspexit
761 983 803 1043 ab
819 1004 909 1063 arce,

76 1079 225 1141 Numina
241 1079 409 1163 placentem
430 1081 583 1160 caelestia,
603 1083 717 1165 templa
736 1085 878 1144 tenentis.

76 1177 242 1260 Auspiciis
261 1181 374 1262 gaude,
394 1184 561 1264 Princeps,
582 1181 717 1244 felicibus
739 1180 847 1244 aulae!

77 1277 146 1337 Cui
167 1279 251 1339 Deus
268 1286 459 1363 omniparens
479 1281 687 1343 renovandum
706 1281 833 1342 credidit
849 1284 979 1365 orbem,

80 1376 304 1462 Iustitiamque
319 1379 403 1442 iubet
423 1380 602 1442 descendere
624 1373 729 1441 rursus
746 1380 785 1441 ab
801 1397 877 1459 axe,

79 1475 129 1536 Et
143 1475 250 1538 faciles
269 1479 408 1561 precibus
425 1478 608 1562 populorum
624 1479 762 1562 praebuit
780 1501 880 1543 aures.

81 1575 234 1652 Quorum
250 1589 413 1658 prostratas
429 1578 568 1639 recreasti
585 1578 721 1640 funditus
742 1578 833 1640 urbes

82 1673 237 1735 Portibus
257 1688 288 1738 et
305 1680 419 1757 muris,
438 1678 588 1739 undarum
606 1688 637 1739 et
657 1678 802 1742 tractibus
826 1677 903 1747 attis.

83 1772 181 1834 Nunc
198 1784 266 1835 tuto
280 1786 390 1838 nautae
401 1788 541 1860 repetunt
560 1777 611 1838 hic
625 1780 701 1838 ostia
719 1775 813 1852 velis,

83 1874 157 1950 Qui
169 1873 264 1935 dublo
278 1874 431 1957 quondam
446 1876 549 1959 peiora
567 1875 700 1959 pericula
724 1889 818 1959 ponto

84 1971 160 2030 lam
180 1974 293 2052 patrias
312 1994 381 2036 oras
395 1973 565 2036 tolerabunt
589 1987 668 2037 nave
684 1985 840 2053 tenentes3

84 2069 298 2153 Nouii-agium
316 2074 444 2136 navibus
456 2074 539 2136 sessis
561 2077 691 2140 statione
711 2076 846 2142 minente
856 2123 867 2156 ,

84 2169 234 2231 Disiectis
256 2170 412 2248 clamtris,
435 2172 546 2256 quibus
559 2193 673 2255 aequor
693 2173 841 2257 fi‘angitur
865 2174 971 2239 cltum.
1025 2203 1028 2210 ’

85 2268 153 2329 Sed
169 2290 251 2331 nunc
266 2282 338 2333 vota
355 2273 422 2333 Deo
439 2273 550 2334 servati
568 2281 689 2355 pectore
706 2283 772 2335 toto

87 2368 283 2452 propietate
300 2383 376 2451 tua,
396 2393 458 2456 qua
480 2374 603 2456 respicis
620 2374 742 2453 omnia,
760 2373 902 2437 fundunt.
984 2391 989 2400 ·

177 2469 334 2553 Agricolas
350 2472 494 2534 miserans
508 2472 664 2554 dispendia
680 2491 770 2534 sceva
789 2471 905 2536 selam
914 2496 926 2554 ;
1010 2493 1014 2506 ¹

90 2569 191 2631 Curia
211 2571 359 2652 perversis
381 2592 452 2631 nam
476 2580 571 2631 cessat
585 2570 721 2632 moribus
739 2574 855 2651 omnis,

92 2669 157 2731 Nec
171 2668 243 2730 licet
257 2671 376 2732 iniustis
395 2670 484 2731 solito
500 2680 692 2731 contemnere
711 2668 799 2752 leges.

91 2768 187 2829 Nunc
201 2771 316 2852 equites
333 2769 461 2829 horrent
480 2778 632 2828 rectorum
652 2769 732 2829 iussa
750 2767 912 2843 vehentes,

92 2867 160 2929 Nec
176 2867 254 2929 lucri
272 2889 361 2929 causa
383 2869 576 2930 commiscent
599 2888 684 2928 secra
704 2866 849 2949 profanu.

93 2966 212 3030 Iudicis
234 2969 298 3050 ipse
314 2967 420 3030 sedem
440 2966 527 3027 iudex
550 2965 685 3029 caelestis
707 2970 807 3049 imago

92 3067 159 3130 Per
181 3078 212 3129 te
234 3066 397 3150 respondes
415 3064 534 3148 populis
550 3065 674 3126 oracula
692 3076 815 3146 sancta,

94 3168 212 3229 Proicis
227 3179 257 3229 et
276 3165 392 3242 nullos,
414 3168 472 3226 nisi
492 3168 546 3249 qui
563 3186 625 3227 non
639 3169 718 3227 iusta
736 3177 908 3249 reposcunt.

99 3268 221 3330 Aurum
239 3289 301 3329 uon
315 3266 460 3339 adhihes,
480 3265 670 3328 moderantes
686 3278 757 3328 ante
775 3265 914 3348 solebant

100 3368 193 3445 Quod
214 3367 307 3447 dare,
330 3389 370 3428 ne
384 3366 473 3428 licem
494 3367 748 3428 socios-evertere
769 3366 880 3443 lintis,

98 3466 307 3550 Exemploque
331 3467 421 3529 doces
437 3476 597 3550 quaestum
613 3477 807 3527 contemnere
824 3465 959 3551 turpem.

99 3565 229 3627 Tirones
243 3567 314 3628 forti
334 3587 476 3628 numeros
497 3586 580 3626 nunc
596 3563 693 3628 milite
708 3563 877 3648 complent,

100 3664 244 3747 Veroque
262 3687 324 3727 non
342 3669 456 3749 pretio,
477 3665 529 3729 sed
546 3665 671 3738 robore,
692 3667 778 3748 signa
801 3673 965 3728 merentur.

186 3764 288 3842 Quid,
311 3766 393 3847 quod
407 3765 560 3847 dispensas
576 3764 704 3833 cerealia
720 3785 847 3826 munera
861 3765 941 3826 vitre
949 3804 961 3838 ,

49 3887 54 3897 ·
103 3864 237 3925 Luxurie
260 3865 424 3946 prohibens
449 3863 541 3925 urbes
560 3874 727 3946 cautusque
743 3863 852 3932 futili.

102 3962 163 4026 Nec
179 3985 300 4026 sensum
315 3963 433 4046 populis
452 3962 526 4023 caeli
543 3963 690 4044 paenuria
712 3962 854 4046 praebet,

177 4080 233 4139 tld
254 4080 302 4136 tic
318 4078 409 4144 End,
426 4080 478 4133 vis
498 4077 558 4141 cod.
