2909 4717
469 240 766 307 alemanicus.
1071 213 1157 305 503

67 395 132 484 τήν
167 390 276 478 κοινὴν
301 391 460 456 πολιτείαν
486 393 705 476 πεποιημένω,
737 388 925 478 διέφθειράν
948 415 983 460 τι
1009 395 1066 461 sur*
1082 395 1161 484 πρός

66 491 263 565 rodamius
282 492 339 576 τῆς
356 488 469 576 χρείας
485 493 678 574 μετέβαλον·
710 485 754 565 σός
773 485 833 575 γάρ
855 489 886 556 οῖ
906 494 1060 579 δμαορόας
1076 498 1161 575 τινός

66 589 321 682 προεστηκότες,
350 586 407 664 τάς
436 586 538 674 α’ρχός
564 588 677 666 α’νόοιις
705 586 853 658 iuuetur·
887 592 942 654 aral
968 585 1008 675 ἦν
1030 594 1108 659 ἰδεῖν
1126 596 1161 660 όν

33 729 36 740 ·
68 696 181 780 ἀρχῆς
205 690 347 774 σχήματι
367 689 619 772 πιπρασκομένοις
638 687 697 764 τός
716 684 821 764 πόλεις
833 697 898 765 τοῖς
914 690 1063 774 χρήματα
1080 694 1163 757 δοῦ-

50 803 127 870 5ναι
154 789 216 857 καδ
246 795 356 871 λαβεῖν
381 784 564 872 ἐγνωκόσιν,
598 789 639 851 ot
665 798 733 863 τοῖς
771 782 809 853 εδ
835 797 937 854 ποιεῖν
965 791 1165 872 δυναμένοις.

68 894 247 978 τοιγαροῦν
266 884 335 971 όμα
354 912 388 954 τε
405 895 474 961 ταῖς
492 884 621 953 πόλεσιν
644 885 837 973 δπεδὴμουν,
861 886 917 954 κατ’
943 889 996 975 ἐφ’
1014 878 1040 979 ᾧ
1060 890 1165 974 παρῆ-

69 1013 134 1059 σαν
164 986 343 1075 ἐτράπετο
355 1037 367 1071 ,
398 988 454 1051 καί
483 989 539 1070 τῆς
563 989 865 1076 κοινῆςῦσυμφορός
895 985 925 1055 οἱ
944 990 1009 1054 τῶν
1036 981 1166 1076 όνθρσό-

69 1116 142 1157 παν
163 1084 315 1176 ἡγεμόνες
337 1084 520 1156 δπλοότοιν.
581 1125 585 1148 r
1139 1147 1142 1154 .

160 1188 218 1271 ιβ.
255 1187 306 1263 Ἐξ
339 1178 379 1251 οό
408 1187 444 1251 δὲ
472 1186 550 1272 ἧμιν
576 1183 634 1261 τός
661 1182 768 1261 πόλεις
795 1180 919 1270 άνόχεις
947 1188 992 1277 τῷ
1011 1187 1168 1270 νιάματι,

33 1286 219 1373 γοέγνωμεν
248 1282 336 1360 uiri
365 1289 429 1350 τεόν
455 1281 626 1369 χρημάτων
653 1277 809 1368 όιιληστος
827 1282 965 1368 ἔρως,ό
995 1284 1055 1372 τήν
1075 1288 1166 1371 δίκην

70 1390 242 1471 α’πεόργσον
259 1388 336 1470 παρ’
356 1382 537 1471 όνθρσόποις
556 1386 799 1465 ἐνδιαιτᾶσθαι,
828 1385 870 1448 οδ
887 1384 993 1451 πάντα
1011 1387 1100 1475 νινᾷν
1121 1381 1166 1461 σός

69 1484 178 1552 ἔοικεν
197 1477 292 1565 εἶχεν,
316 1480 396 1547 arrd
416 1481 477 1567 γάρ
499 1484 651 1546 ποτεναὶ
669 1481 858 1566 παραδόξως
876 1480 1043 1568 ἡττᾶσθαι.
1064 1488 1173 1574 καίτοι

70 1584 127 1651 διὰ
149 1588 267 1648 τοῦτον
287 1564 390 1665 πατὴρ
411 1584 472 1663 μὲν
491 1581 664 1663 προδιδόναι
685 1584 806 1665 παῖδα,
824 1577 954 1666 γόναιον
975 1586 1011 1648 δὲ
1031 1580 1087 1647 τόν
1107 1574 1164 1647 όν-

68 1686 153 1767 δρα,
190 1684 249 1746 καί
266 1678 305 1746 τά
326 1684 399 1765 γένη
418 1685 484 1745 κατ’
503 1676 647 1764 ἀλλήλων
667 1675 839 1759 όπλίζεται,
881 1685 940 1747 aad
960 1684 996 1747 rt
1015 1705 1164 1765 παρακα-

31 1786 222 1868 ςὸθημένον
243 1779 448 1867 “illidimus
469 1777 531 1863 πρό
551 1783 611 1861 μὲν
631 1782 694 1845 ταῖν
714 1775 892 1866 ὀφθαλμῶν
913 1775 934 1866 ἦ
954 1778 1035 1865 δίκη.
1055 1774 1163 1865 οἵαπερ

67 1885 106 1948 δὲ
127 1875 253 1962 ταότης
274 1873 395 1962 ὁρώσης
420 1879 571 1959 μέλλουσι
590 1880 752 1954 δικασταῖς
778 1880 941 1965 διαφέρεις
959 1875 1017 1963 τήν
1034 1880 1162 1964 ψῆφον·

65 1983 127 2046 καί
149 1973 219 2044 εἷλε
240 1979 300 2042 σοό
320 2000 370 2052 τις
386 1974 444 2061 τήν
463 1974 590 2060 γνσόμην
610 1977 649 2040 ου’
672 1975 796 2061 χρυσόν
814 1972 1072 2064 προτεινόμενος,
1093 1976 1167 2041 u’tt’.
1198 2037 1204 2048 ,

67 2079 173 2166 ἀρετῇ
203 2078 365 2156 πλουτῶν,
397 2075 453 2140 κατ’
480 2072 686 2157 μεταβάλλειν
715 2070 903 2160 α’νθροόποιις
936 2077 982 2154 εἰς
1011 2068 1163 2156 εόδαιμο-

69 2182 146 2242 νιἀν
175 2170 282 2250 εἰδιός.
326 2169 343 2238 ό
374 2176 410 2239 δὲ
438 2173 644 2259 Λόσανδρος,
676 2176 708 2239 εἰ
731 2175 785 2238 καλ
803 2174 1001 2260 Σπαρτιάτης
1021 2166 1079 2259 ἦν,
1107 2173 1165 2237 καὶ

34 2273 194 2357 ,οσεμνόν
215 2270 346 2359 ἐφρόνει
367 2270 420 2338 διό
439 2271 479 2338 τό
500 2269 609 2357 πριόην
629 2259 852 2357 εότιόγηηθόντα,
873 2272 954 2338 ἄλλα
974 2282 1039 2348 τοῖς
1059 2269 1162 2358 ἔργοις

72 2374 129 2440 τόν
143 2367 350 2457 Σπαρτιάτην
364 2368 533 2453 ἐψεύδετο·
557 2369 617 2455 τήν
635 2372 695 2457 γάρ
716 2374 780 2438 ruia
800 2372 965 2456 α’ρχόντων
986 2373 1108 2457 αἵρεσιν
1122 2363 1160 2434 orl

73 2470 298 2560 προσηκόντως
331 2467 516 2552 τιοιοόμενος
551 2470 651 2558 φόνου
678 2475 734 2535 κατ’
762 2475 904 2557 ταραχῆς
936 2470 973 2536 τό
1003 2474 1065 2536 τοῖν
1091 2468 1160 2535 ‘Et-

145 2609 171 2660 7.
193 2592 246 2642 καλ
269 2578 317 2642 διό
336 2589 385 2655 τῆς
402 2590 472 2642 coni.
493 2588 526 2641 N.
602 2591 640 2642 ιλ,
668 2584 718 2640 διό
744 2595 848 2642 τοῦτον
871 2589 998 2653 villota,
1025 2580 1164 2650 διό.τοό·

143 2679 205 2714 ταν
224 2658 285 2711 cod.
378 2660 415 2713 15.
434 2658 539 2730 ρ’όματι
557 2658 636 2723 cort,
657 2677 788 2731 suprascr.
809 2660 843 2711 al.
863 2676 934 2712 man.
949 2663 974 2728 a.

74 2802 136 2852 tura
161 2794 272 2847 efficere
289 2812 345 2846 non
362 2802 467 2864 potest,
493 2795 522 2847 ld
539 2794 628 2847 lacere
649 2803 763 2847 conatur
789 2795 945 2865 prudentia.
979 2793 1054 2847 Haec
1081 2790 1166 2862 lg²tnr

74 2866 110 2917 ab
125 2867 210 2919 initio
226 2865 300 2917 bene
320 2867 468 2917 constituta
488 2869 574 2935 spurii
592 2865 703 2937 quidam
722 2866 846 2918 homines
866 2874 895 2917 et
912 2865 1056 2932 adregiarn
1074 2861 1165 2931 digni·

73 2945 159 2989 tatem
179 2943 294 3006 praeter
312 2936 354 2986 ins
373 2939 470 2997 erecti,
487 2937 590 2987 lucrum
610 2938 744 3004 privatum
763 2951 819 2988 ere
838 2932 1165 3006 publieairnperilquae·

76 3015 181 3070 rentes,
197 3013 401 3075 perverterunt,
412 3016 444 3070 et
459 3007 538 3058 utilia
557 3008 686 3058 damnosa
705 3007 837 3059 lecerunt.
859 3007 1001 3074 Tanquam
1020 3005 1092 3056 enlm
1113 3017 1164 3052 ne-

76 3079 213 3147 gotiantes
236 3075 396 3128 vendebant
413 3079 598 3145 magistratus,
632 3086 660 3129 et
681 3077 776 3129 ridere
793 3084 901 3143 poteras
920 3074 973 3127 sub
993 3074 1164 3143 magistratus

76 3149 161 3199 titulo
188 3147 273 3200 rendi
303 3147 456 3213 provincias
481 3146 532 3208 iis,
578 3148 604 3198 ιιῑ
626 3150 756 3215 pecunias
774 3147 839 3197 dare
857 3155 886 3198 et
902 3146 1024 3214 accipere
1044 3144 1164 3205 vellent,

78 3233 134 3270 noa
154 3218 203 3286 qui
228 3224 303 3269 recte
321 3231 399 3284 agere
417 3216 525 3269 scirent
557 3164 736 3288 {Quapropter
754 3218 920 3288 simulatque
941 3216 970 3266 in
996 3213 1164 3285 provinciam

77 3290 238 3348 venissent,
257 3286 288 3337 id
306 3285 425 3355 agebant
444 3288 522 3338 cuius
541 3290 581 3339 rei
598 3305 678 3339 causa
700 3288 823 3350 aderant,
841 3294 870 3340 et
888 3304 904 3339 e
922 3285 1035 3356 publiea
1052 3285 1164 3337 talarnl·

80 3363 137 3409 tare
154 3357 328 3425 magistratus
345 3355 590 3426 locupletabantur.

154 3444 194 3479 ra.
231 3428 339 3479 Sedes
358 3443 412 3498 quo
433 3437 462 3480 tu
480 3429 603 3480 civitates
622 3426 703 3480 nobis
722 3434 792 3478 nutu
813 3433 962 3490 sustentas,
981 3426 1164 3495 eognovimus,

80 3495 240 3549 divitiarum
259 3494 444 3549 insatiabilem
463 3514 598 3561 amorem,
627 3502 676 3569 qui
694 3500 828 3551 iustitium
847 3497 921 3567 apud
939 3497 1064 3549 homines
1083 3493 1165 3546 laabi-

82 3572 143 3618 tare
160 3582 217 3616 non
242 3568 318 3627 sinit,
334 3582 390 3618 non
410 3571 512 3630 omnia,
528 3576 560 3624 ut
575 3568 729 3633 ridebatur,
744 3567 867 3630 ‘vincern
891 3569 945 3620 imo
971 3584 1036 3620 vero
1058 3570 1165 3636 praeter

83 3634 317 3703 exspectationem
335 3652 396 3688 eum
413 3638 563 3708 aliquando
582 3642 712 3708 superari.
738 3640 773 3692 Et
790 3647 880 3691 tamen
898 3647 1009 3707 propter
1027 3636 1099 3687 lrnnc
1115 3646 1171 3752 gf·

75 3712 127 3757 ter
143 3704 231 3754 filiurn
250 3704 356 3772 prodit,
380 3724 448 3759 uxor
466 3712 552 3761 virum
562 3748 571 3772 ,
597 3717 626 3763 et
642 3720 736 3781 gentes
751 3711 868 3763 invicem
885 3725 958 3761 arma
976 3709 1095 3774 capiunt
1147 3716 1165 3751 α

83 3788 149 3826 vero
168 3788 229 3823 curn
247 3774 350 3827 assides
369 3776 510 3841 tribunali,
527 3789 591 3832 ante
609 3782 702 3833 oculos
719 3789 841 3834 versatur
857 3777 974 3837 lustitia,
990 3781 1018 3827 et
1036 3780 1167 3839 tanquam

85 3860 119 3897 ea
136 3851 284 3906 cernente,
303 3845 406 3897 iudices
424 3848 454 3899 in
473 3850 598 3920 suffragia
617 3854 713 3908 mittis.
731 3853 822 3921 Atque
839 3860 914 3902 tuam
930 3843 1092 3898 sententiam
1110 3839 1168 3892 sibi

85 3913 217 3966 eonciliat
246 3929 303 3965 non
329 3917 377 3985 qul
395 3932 490 3969 aarum
509 3925 621 3985 offerat,
654 3921 703 3973 sed
721 3923 822 3973 virtute
840 3918 935 3979 dives,
964 3914 1012 3986 qui
1041 3910 1168 3964 hominu

86 3984 183 4037 felices
205 3981 319 4037 reddere
336 3986 450 4040 noverit
485 3990 625 4058 Lysander
642 4007 725 4052 vero,
751 3991 819 4042 lieet
834 3989 993 4057 Spartanus,
1010 3988 1040 4034 et
1055 3987 1168 4052 propter

85 4070 129 4108 res
155 4053 275 4109 feliciter
298 4063 386 4126 gestas
415 4058 508 4114 aniano
525 4047 633 4130 elatus,
660 4062 740 4116 laetis
765 4062 928 4130 Spartanam
953 4052 1084 4108 mentitur
1108 4057 1168 4106 ests
