2909 4717
300 165 387 282 574
572 189 747 256 rumam
774 186 912 254 maan
938 187 1076 255 noran
1165 269 1169 284 ‚

295 372 362 416 arsia
384 350 496 413 interiit
513 346 1053 430 Vaknoiu‘anooctoilegedromm,
1083 349 1205 410 autad
1226 369 1398 417 summas

261 461 264 466 ¹
295 437 548 513 micmlannorrmr
549 434 626 520 filio
645 434 793 494 derrhhto.
816 433 964 493 Omnium
979 433 1201 494 accuratissime
1209 435 1394 518 Theopla-

295 540 350 582 nes
362 521 394 579 in
407 518 511 580 codice
522 518 699 601 MS.,quem
718 537 808 597 penes
829 537 885 577 uos
906 515 1065 595 hahemus,
1083 518 1142 577 uisi
1162 519 1252 600 quod
1265 519 1394 602 iuguh-

295 612 363 664 tum
377 603 487 684 lingat,
520 622 612 683 quem
635 601 726 662 ceteri
748 598 908 683 pleuritide
929 601 1106 661 astinem
1123 599 1263 663 volum:
1282 597 1392 688 roris!

295 685 339 770 τῷ
364 680 428 747 ἔτει
458 675 677 756 Κωνστᾶντιος
706 678 723 744 ὅ
757 675 865 785 ιτιιτιῇρι
892 680 1155 745 Οιῖαλεντινιανοῦ
1193 683 1393 762 &aarum

295 761 357 849 apd
379 767 412 843 ἓξ
433 764 527 828 εἰδῶν
547 765 764 847 Φεβρουαρώυ
779 787 833 826 και
852 759 976 848 εσφάγη
1000 760 1062 848 πρὸ
1086 760 1113 826 δ’
1124 766 1222 828 macir
1239 768 1392 842 Σεπτεμ-

296 850 399 933 βρίου.
441 849 530 911 Certe
546 850 585 910 ab
601 860 709 910 octavo
721 848 878 909 Februarii
898 849 948 910 die
970 850 1009 910 ad
1032 849 1198 911 sennodum
1220 851 1309 911 diem
1331 851 1390 911 Se-

297 935 442 1017 ptembris
461 954 523 994 uon
544 934 651 1015 integri
664 943 777 1014 septem
788 931 901 992 fluxere
911 953 1045 1010 menses,
1065 935 1167 1015 sicque
1190 955 1249 995 sua
1265 936 1388 995 somnio

299 1028 330 1082 et
352 1018 568 1079 historicorum
594 1016 792 1077 testificationi
817 1017 929 1076 veritas
954 1027 1095 1089 enatat,
1127 1026 1163 1077 ut
1193 1038 1324 1079 necesse
1348 1017 1388 1078 ait

299 1100 363 1167 salli
382 1099 539 1183 plerosque
561 1120 665 1160 omnes
690 1097 909 1181 chronologos,
935 1099 987 1180 qui
1007 1120 1076 1159 cum
1093 1099 1209 1160 Tirone
1227 1102 1386 1184 Prospero

287 1184 419 1246 ‚duobus
440 1184 526 1244 annis
546 1183 693 1259 Iulianis,
713 1185 769 1243 etsi
793 1202 854 1242 non
878 1185 1022 1264 integris,
1047 1183 1262 1243 Constantium
1288 1186 1385 1267 impe·

299 1288 381 1329 rasse
400 1280 555 1344 asserunt,
574 1276 627 1327 aut
646 1287 708 1326 uno
725 1264 831 1326 saltem
845 1286 927 1326 auno
944 1277 1071 1326 mortem
1082 1268 1146 1326 eiua
1167 1279 1383 1347 praevertunt,

299 1369 400 1432 neque
416 1350 517 1427 diem,
546 1370 607 1431 quo
618 1339 786 1445 diademate
809 1360 934 1446 ornatus
949 1394 958 1426 ,
976 1359 1029 1410 aut
1047 1369 1110 1431 quo
1132 1352 1196 1410 vita
1222 1351 1319 1411 simul
1333 1372 1383 1412 m·

196 1513 224 1566 Ρ.
246 1431 846 1598 ‚00',⁸¹¹⁰‘³¹¹15,}f¹.¹{¹}⁸,‚⁶⁸f4‘,2‚¹¹25,⁰,¹¹⁰135
864 1431 1125 1598 walin,
1143 1515 1291 1577 ecam
1308 1539 1383 1579 m

299 1603 356 1663 ota
370 1602 501 1661 mittiue.
541 1598 760 1680 Philostorgius
786 1617 847 1657 non
870 1600 1011 1658 nuntium
1038 1598 1182 1660 duntaxat
1206 1599 1247 1659 ad
1280 1601 1382 1661 Τω-

263 1735 266 1744 .
299 1684 419 1746 dosium
438 1681 726 1763 Constantinopolim
743 1680 783 1741 ab
801 1681 938 1742 Honorio
956 1681 1189 1763 formantioque
1205 1682 1381 1765 ablegatum

300 1768 416 1844 refert,
438 1766 491 1828 sed
512 1787 547 1828 cx
567 1775 686 1848 recepto
718 1785 804 1825 more
822 1765 925 1825 missas
951 1763 1040 1825 simul
1066 1766 1171 1825 asserit
1200 1764 1291 1826 electi
1317 1767 1381 1827 Aa·

299 1854 381 1934 gusti
397 1852 557 1934 imagines,
573 1871 648 1933 quas
664 1843 781 1909 labrata
802 1849 865 1908 sive
889 1846 1004 1908 laurata
1019 1847 1108 1908 fuisse
1128 1847 1297 1929 appellatas
1312 1849 1380 1932 plo-

299 1934 386 1996 n'bus
403 1933 542 2015 exemplis
565 1934 664 1994 firmat
684 1932 811 1993 loannes
828 1933 978 1992 Meursius
1000 1933 1032 1992 in
1050 1929 1202 1992 Glossario
1228 1933 1380 1993 mischar·

298 2015 386 2078 ham.
431 2017 549 2094 Quibus
568 2017 679 2076 addere
699 2035 856 2097 possumus
886 2014 964 2075 inter
985 2024 1084 2074 cetam
1100 2014 1278 2075 Chroniccn
1306 2014 1377 2076 Ale·

302 2100 483 2160 xandrinum
497 2100 536 2159 de
551 2098 732 2159 Anthemio:
754 2092 810 2157 καί
828 2093 971 2176 εἰσῆλθεν
994 2091 1034 2157 toi
1054 2092 1197 2177 λαβράτιι
1226 2094 1330 2158 atros
1346 2096 1378 2158 b

302 2177 633 2244 Kamammnma
662 2174 716 2241 διὰ
744 2179 911 2260 Φερεντίου
942 2174 1083 2259 ἐπάρχου
1114 2171 1247 2251 πόλεως.
1290 2180 1376 2258 Quod

300 2283 375 2326 vero
408 2263 596 2325 Occidentem
616 2284 671 2346 pro
695 2262 816 2322 Oriente
833 2261 891 2322 hoc
916 2283 1036 2345 quoque
1050 2261 1117 2323 loco
1137 2273 1254 2324 temere
1270 2263 1375 2324 subro-

339 2358 406 2408 tum
422 2348 528 2426 vides,
548 2346 653 2428 culpae
670 2347 771 2428 potius
790 2345 906 2406 librarii
926 2349 1131 2428 properantis,
1160 2367 1255 2428 quam
1271 2347 1376 2407 eruditi

300 2368 1375 2594 intensissimus

299 2600 391 2662 meon
409 2599 606 2660 Constantino
660 2597 666 2609 '
700 2617 795 2673 num,
813 2595 844 2655 in
866 2595 1123 2657 emendationibus
1147 2595 1294 2656 Friderici
1309 2599 1374 2656 ilio-

300 2682 368 2744 relli
383 2682 422 2743 ad
444 2681 557 2742 librum
575 2679 635 2740 alte
726 2679 765 2739 de
784 2678 966 2740 thematibus
988 2678 1178 2740 Constantini
1205 2679 1374 2763 Porphyre-

301 2768 395 2849 geuiti
419 2766 542 2848 aliisque
556 2786 617 2824 uon
634 2761 725 2825 semel
744 2783 792 2821 me
810 2761 985 2824 observasse
1004 2764 1139 2822 memini.
1435 2829 1436 2834 η

384 2849 453 2930 Pag
477 2848 574 2908 121).
591 2846 679 2931 [462
703 2844 753 2928 9.]
778 2845 973 2906 Theudoriam
993 2846 1115 2906 Valliac
1138 2848 1266 2929 sucepit
1288 2847 1373 2930 ricpe-

300 2933 390 2993 rircn.
435 2933 514 2992 Hinc
534 2952 604 3014 ergo
627 2929 783 2990 confutare
810 2930 906 3011 possis
934 2950 1008 3008 eos,
1028 2930 1081 3011 qui
1108 2926 1230 2990 Valliae
1256 2933 1372 3010 reghnm

300 3013 536 3095 Vesogothicum
563 3015 603 3074 ad
632 3014 678 3074 ιδ.
704 3012 842 3093 pluresve
869 3033 963 3072 annos
988 3024 1169 3094 prorogant,
1198 3033 1262 3093 q=ca
1282 3013 1320 3071 de
1342 3031 1371 3071 re

301 3096 447 3162 adversus
476 3098 657 3158 lornandem
681 3095 814 3178 aliosque
841 3095 1060 3176 disputavimus
1083 3115 1138 3156 suo
1158 3095 1240 3155 loco.
1281 3094 1372 3154 Theo·

301 3177 422 3239 doricus
441 3179 533 3261 vulgo
548 3181 674 3251 dicitur,
696 3179 799 3239 addito
814 3180 937 3238 Maioris
955 3182 1019 3240 sive
1037 3180 1169 3239 Senioris
1184 3179 1370 3258 cognomine,
1437 3175 1438 3178 ’

300 3271 337 3321 ut
356 3262 513 3322 alnniore
534 3262 723 3324 Theoderico
746 3261 873 3321 discerni
899 3260 1017 3323 facilius
1046 3262 1161 3344 possit,
1192 3264 1260 3343 qui,
1289 3261 1371 3320 frah'e

300 3343 527 3405 Thorismundo
539 3347 708 3423 interfecto,
724 3365 850 3426 regnum
860 3345 1102 3428 Vesogothomm
1122 3347 1296 3426 occuparit,
1314 3363 1372 3486 Γ

300 3425 411 3575 micae
424 3425 464 3485 ab
485 3427 598 3488 Eurico
619 3429 712 3489 fratre
727 3438 1027 3511 posteaperemptus
1045 3448 1127 3489 anno
1144 3427 1298 3487 Dominici
1341 3446 1371 3485 a·

355 3533 369 3571 s
450 3552 459 3569 .

385 3508 463 3674 ἢν
480 3612 526 3651 12.
539 3595 581 3653 D.
599 3589 683 3674 [465,
704 3592 766 3676 uh]
797 3592 956 3655 Uruniam.
991 3592 1220 3656 Mihi'dubium
1250 3615 1313 3654 non
1332 3601 1371 3652 ast
1436 3529 1438 3604 i

301 3677 456 3739 alienasse
470 3676 685 3757 interpretem,
708 3680 761 3756 qui
784 3677 821 3738 ad
843 3680 1006 3739 infaustum
1025 3676 1084 3738 hoc
1106 3677 1298 3759 insolensque
1316 3695 1372 3735 me·

300 3772 408 3822 teoron
421 3760 532 3834 refert,
550 3757 633 3841 quod
649 3759 774 3840 Hispani
798 3753 908 3822 nautae
929 3782 984 3821 son
1003 3762 1114 3837 Telmo,
1140 3772 1290 3821 nostrates
1300 3756 1370 3820 Galli
1437 3761 1438 3812 ζ

300 3845 395 3924 Ieseu
410 3846 490 3903 saint
503 3843 608 3916 Elam,
631 3864 669 3903 ou
687 3845 781 3903 sainte
803 3845 918 3905 Helene
941 3855 1128 3926 nuncupant.
1170 3845 1279 3926 Neque
1301 3843 1371 3903 mim

301 3927 408 3988 Castor
427 3937 458 3988 et
479 3925 608 4003 Pollux,
624 3937 679 3986 aut
702 3928 802 4009 ipsum
821 3927 952 3988 Helenae
968 3928 1051 3988 sidus
1068 3932 1147 3988 inter
1165 3929 1302 4009 prodigia
1322 3943 1370 3985 nn-

299 4019 472 4085 merantur‚
495 4031 566 4071 cum
589 4030 652 4071 non
674 4030 745 4070 raro
766 4022 947 4092 appareant,
969 4031 1068 4094 neque
1096 4022 1182 4071 tanta
1201 4009 1264 4071 illis
1288 4012 1371 4069 mue

301 4092 350 4153 vis
371 4091 549 4171 perhibetur
578 4114 598 4155 a
620 4094 771 4177 pbysicis,
798 4104 836 4155 ut
862 4093 958 4158 malos
975 4115 1033 4157 suo
1051 4093 1185 4179 pondere
1211 4093 1371 4175 deputam
