2909 4717
349 218 352 225 .
428 168 694 239 nundinum
724 174 930 239 rrrsronu.
1024 252 1028 265 ⁵
1143 152 1230 256 διδ

127 316 229 387 ’άλλά
252 325 388 389 καὶτῶν
409 326 676 407 σπουδαζομένων
696 317 767 391 edre
787 327 1019 408 ἀποτεύξεσθαι
1026 382 1036 415 ,
1058 324 1133 421 (oia
1152 334 1373 416 μετάλαοια

102 463 104 467 ⁷
129 422 303 507 τοσαύτην
323 427 410 508 νίκην
430 426 552 509 πράους
577 448 613 489 τε
633 423 689 489 καί
707 422 810 510 πάσης
837 422 1015 506 αὐθαδείας
1036 417 1298 542 άπηλλαγμέ-ῙΤἾΐ
1311 424 1340 472 ¹³

129 547 218 599 νους
239 525 297 588 τού
312 518 486 605 Ῥωμαίων
513 526 670 605 βασιλέως
689 516 944 607 ἐπικομιζόμενοι
971 528 1092 612 λόγους·
1116 538 1171 599 καί
1190 536 1234 612 ὥς
1266 506 1276 540 ¹
1297 494 1362 548 Μ

130 623 176 686 ού
197 621 302 704 μόνον
329 613 578 715 άχριιρημάτων
598 618 684 713 αύτῷ
703 622 739 689 τό
764 622 1011 710 φιλάνθρωπον,
1033 634 1150 709 μᾶλλον
1172 638 1233 715 μὲν

100 715 193 788 totu
222 720 327 807 ἔργοις
352 722 623 815 ἐπιδεικνυμένου,
653 723 697 813 τῷ
720 720 893 800 τοσούτους
926 726 1138 811 δοριαλώτους
1166 743 1233 810 τοῖς

125 823 291 906 Πέρσαις
332 816 452 897 αύτούς
480 822 733 905 ἐπαναγαγεῖν,)
761 824 882 889 τούτων
912 826 1099 905 ἐλπιζόντων
1117 853 1152 910 γε
1173 832 1232 895 αδ·-

122 922 198 984 τῶν
221 921 361 1006 κυρῆσαι
373 915 610 1007 άναμφιβόλως,
626 923 659 997 ἐς
678 916 861 987 τούναντίον
881 927 993 1010 ξυνέβη
1016 922 1111 992 άπαν.
1144 932 1232 1013 πριό-

72 1100 84 1115 ι
122 1043 187 1084 τον
234 1022 294 1100 μὲν
325 1017 386 1105 γάρ
424 1019 503 1085 κατά
538 1023 637 1101 μέσον
666 1025 721 1107 τῆς
754 1021 938 1106 ὁδοιπορίας
966 1028 1031 1090 τῶν
1065 1050 1114 1102 τις
1141 1026 1230 1112 παρά

123 1122 286 1204 Πέρσαις
307 1126 371 1196 τοῖς
403 1123 578 1202 βασιλικοῖς
605 1143 640 1184 τε
668 1124 724 1186 καί
759 1124 921 1203 δημοσιόις
949 1125 1131 1209 πράγμασιν
1158 1130 1230 1205 ἐξυ-

38 1302 40 1307 .
81 1221 376 1304 ιοπηρετουμένων
410 1212 511 1304 (οὓς,
547 1215 582 1284 εἴ
609 1243 659 1297 τις
685 1224 725 1310 τῇ
756 1222 906 1287 Λατίνων
931 1225 1084 1307 χρήσοιτο
1114 1229 1226 1314 φωνῇ,

122 1318 309 1403 άσηκρῆτίς
329 1340 363 1380 τε
375 1313 687 1406 προσαγορεύσειεν)
710 1318 909 1398 ὑπαντιάσας
927 1314 1023 1405 ἤρετο
1051 1330 1136 1409 σφᾶς
1164 1322 1256 1408 drap·
1271 1360 1321 1429 ¹⁶9

119 1415 299 1501 βούλοιντό
317 1441 349 1482 τε
368 1420 424 1480 καὶ
441 1411 504 1498 ό,τι
523 1412 647 1501 ἥκοιεν,
683 1422 740 1484 κατ’
760 1416 869 1484 ὁποίαν
892 1421 1110 1503 άποκομιζοιεν
1130 1425 1258 1507 άγγε-λί.
1271 1433 1320 1500 ¹¹4

121 1517 219 1582 λίαν.
263 1510 343 1580 άλλά
368 1515 467 1603 τούτῳ
487 1518 547 1598 μὲν
569 1516 633 1600 οἵγε
654 1518 742 1604 άμφί
769 1522 941 1603 Ζαχαρίαν
962 1545 997 1585 τε
1026 1522 1081 1587 καί
1100 1521 1227 1595 &eddor-

121 1641 186 1702 ρον
210 1605 276 1679 ὦδε
298 1610 525 1701 άπιιιρίναντο,
558 1615 605 1693 οἷς
624 1613 664 1681 τά
694 1614 803 1682 τοιάδε
823 1620 868 1708 τῷ
887 1617 976 1705 παρά
998 1623 1145 1706 Πέρσαις
1162 1649 1228 1705 μα-

79 1715 252 1802 ιόγίστρφ
274 1712 375 1791 (καθά
398 1719 512 1777 τοῦτον
538 1718 670 1779 καλούσι
696 1715 878 1806 Ῥωμαῖοι)
909 1718 1043 1803 ῥητέον,
1075 1724 1131 1783 καί
1150 1721 1227 1804 σύχν’

120 1816 236 1899 αύτῷ.
266 1815 369 1875 ταῦτα
391 1808 530 1889 εἰπόντος
549 1811 670 1896 εἴχοντο
691 1819 749 1898 τῆς
770 1811 905 1894 ttoni}
925 1818 1044 1881 ἐκείνου
1065 1809 1139 1902 ἧκεν
1157 1818 1225 1884 ἔτι·

120 1909 185 1999 ρός
214 1933 266 1987 τις
292 1914 328 1975 ἐκ
355 1914 517 1994 Περσῶν,
546 1907 581 1990 ὃς
616 1909 721 1997 ἔτριβε
741 1912 801 1997 τὴν
828 1913 1012 2000 ὁδοιπορίαν
1040 1918 1150 1995 αύτοῐς
1168 1921 1226 1986 καί

119 2012 314 2094 διαμέλλειν
337 2012 454 2093 ἐποίει,
475 2014 680 2097 βραδυτῆτος
704 2012 870 2097 χρώμενος
890 2013 1060 2097 ἐπινοίαις,
1085 2018 1168 2082 ἰέναι
1187 2040 1223 2083 τε

120 2114 157 2187 ἐς
178 2107 224 2176 τά
244 2106 352 2194 πρόσω
372 2106 417 2194 μη
441 2112 625 2196 συγχωρῶν.
655 2114 810 2193 σταθμοῖς
836 2135 871 2176 τε
901 2110 961 2199 γάρ
989 2118 1223 2202 πλησιαιτέροις

78 2212 181 2276 20καί
201 2203 423 2295 παρασάγγαις
445 2207 560 2293 όλίγοις
581 2210 713 2295 ἐχρῆτο,
746 2202 856 2275 ditare
883 2205 1000 2289 ἄλλους
1016 2210 1145 2300 χάρους
1163 2239 1221 2281 πε·

68 2348 73 2355 ·
120 2311 272 2395 ριφέρων
292 2330 326 2372 τε
349 2310 406 2373 καί
432 2307 639 2390 άποπλανῶν,
668 2311 726 2372 κάκ
755 2306 867 2373 τούτου
898 2310 939 2374 τά
959 2308 1090 2379 κάκιστά
1120 2326 1243 2399 σφισιΒ

120 2409 331 2493 προεδήλου,
360 2404 416 2471 κατ’
434 2409 556 2473 ἐδείκνυ
584 2412 624 2495 τῇ
644 2409 719 2493 περὶ
746 2407 805 2492 τὴν
831 2404 1014 2495 όδοιπορίαν
1043 2409 1143 2499 πλάνη
1165 2412 1222 2477 ού-

122 2510 179 2573 δόν
203 2533 238 2574 τι
270 2502 506 2593 φιλοφροσύνης
533 2502 686 2598 ἐχόμενον
719 2497 740 2592 ἢ
771 2511 826 2592 τῆς
863 2506 1080 2593 προσηκούσης
1109 2512 1221 2587 αἰδοῦς

120 2609 308 2696 πρέσβεσιν.
328 2597 368 2691 ἧν
389 2608 425 2672 δὲ
453 2604 489 2671 τό
512 2605 726 2693 πραττόμενον
753 2607 787 2685 ἐξ
806 2608 973 2690 ἐπιβουλῆς
991 2631 1025 2672 τε
1051 2606 1108 2672 καί
1124 2610 1219 2688 μολό-

196 2727 220 2763 ι.
243 2705 452 2767 οδδινδςσοαλ.
471 2706 504 2759 Ν.
578 2726 616 2764 rr·
635 2707 741 2777 redet
757 2705 790 2759 N.
853 2724 895 2761 ar.
914 2706 1038 2760 κάκιστά
1059 2723 1147 2780 σφισι
1166 2711 1219 2777 H„

194 2781 307 2833 ιιάιιικα
328 2783 414 2851 πρλσι
431 2779 491 2831 cod

119 2867 211 2921 leatia
230 2874 359 2920 remotor.
403 2865 501 2938 Neque
519 2878 583 2916 vero
608 2864 696 2916 solum
718 2882 748 2919 re
764 2862 855 2917 verbis
884 2879 988 2917 comem
1013 2871 1042 2915 et
1064 2863 1216 2935 benignum

118 2939 277 3007 praebebat
296 2939 462 3008 Imperator,
480 2934 671 2989 verumetiam
698 2953 726 2988 re
748 2937 816 3005 ipsa,
833 2953 895 2993 eum
917 2944 960 2987 tot
983 2937 1104 3003 captivos
1127 2938 1217 2995 Persis

119 3012 292 3063 restitueret
328 3010 363 3062 Et
380 3025 414 3059 ex
431 3025 464 3060 eo
482 3005 619 3076 putabant
637 3007 710 3072 sore,
738 3016 769 3059 ut
793 3024 864 3077 qnae
881 3005 1043 3075 sperabant,
1066 3009 1126 3060 sine
1145 3026 1213 3063 con-

119 3080 256 3134 troversia
280 3076 520 3150 consequerentur.
554 3076 623 3130 *Sed
649 3078 774 3129 universa
806 3094 847 3127 res
877 3078 907 3129 ia
933 3077 1096 3128 contrarium
1122 3083 1213 3134 uertit.

118 3150 240 3203 Primum
261 3152 335 3202 enim
355 3168 424 3200 unur
443 3166 476 3200 ex
494 3148 552 3211 his,
572 3149 619 3219 qui
637 3148 693 3216 regi
711 3148 740 3197 in
759 3148 876 3216 negotiis
897 3156 924 3199 et
943 3149 1024 3216 regiis
1047 3158 1076 3199 et
1094 3152 1213 3217 publicis

118 3223 308 3275 ministerium
331 3220 485 3289 praebent,
504 3236 573 3289 quos
600 3218 693 3269 Latini
720 3236 735 3269 ι
763 3220 876 3270 recretis
902 3227 1017 3280 vocant,
1047 3219 1157 3274 obuium
1182 3240 1212 3275 se

119 3286 213 3344 media'
243 3292 287 3341 via
314 3291 410 3359 legatis
434 3289 522 3352 tulit,
555 3295 583 3340 et
608 3305 655 3340 eoa
684 3297 726 3340 ert
749 3296 963 3358 percunctatus,
996 3290 1064 3359 quid
1090 3296 1212 3357 retient,

119 3379 173 3433 qua
198 3364 234 3427 de
255 3377 334 3414 causa
353 3361 500 3423 venirent,
516 3366 544 3410 et
569 3358 637 3430 quid
656 3360 747 3410 nuntii
775 3359 923 3410 adferrent
969 3359 1041 3411 Huic
1066 3363 1210 3416 Zachariae

118 3442 147 3483 et
163 3433 330 3487 Theodorus
354 3430 572 3500 responderunt,
600 3429 630 3481 id
646 3446 700 3481 non
720 3429 778 3493 iiii,
797 3429 845 3481 sed
864 3428 992 3498 magistro
1017 3436 1069 3500 (ut
1089 3433 1211 3504 loquun-

119 3508 164 3553 tur
185 3503 313 3572 Romani)
334 3501 489 3555 dicendum.
524 3499 598 3552 Haec
615 3499 665 3551 ubi
684 3499 820 3562 dixerant,
837 3500 906 3552 viam
926 3512 1112 3569 perrexeruut
1149 3505 1212 3557 Post

118 3570 193 3626 hunc
215 3575 287 3626 eiius
314 3588 425 3643 quoque
451 3589 485 3623 ex
502 3571 587 3623 Persis
608 3571 707 3632 venit,
734 3571 783 3641 qui
809 3571 1058 3640 peregrinationem
1078 3575 1133 3623 iiiis
1157 3574 1211 3624 im-

117 3644 274 3710 pediebat:
296 3642 401 3695 tardius
420 3643 494 3693 enim
508 3641 542 3690 de
564 3639 698 3692 industria
716 3641 882 3702 incedebat,
907 3649 935 3692 et
959 3658 1005 3693 eos
1025 3643 1147 3692 cunctari
1167 3644 1208 3695 ia-

119 3712 230 3779 ciebat,
251 3730 342 3784 neque
361 3713 475 3765 ulterius
493 3710 620 3782 progredi
648 3710 776 3774 sinebat;
801 3714 943 3780 propiores
964 3711 1095 3761 stationes
1120 3713 1207 3781 elige-

118 3780 169 3836 bat
191 3794 220 3838 et
242 3796 345 3854 paucas
359 3798 521 3852 parasangas
539 3781 720 3845 conficiebat,
745 3790 824 3834 etex
845 3782 908 3831 aliis
929 3781 995 3833 locis
1015 3779 1044 3828 in
1072 3781 1126 3832 alin
1151 3784 1211 3837 ioca

119 3850 174 3905 hnc
193 3857 260 3907 illuc
280 3862 400 3908 errantes
420 3862 448 3906 et
467 3852 592 3921 palantes
610 3851 787 3904 traducebat:
808 3859 837 3903 et
854 3853 881 3901 iu
900 3865 933 3901 eo
949 3864 978 3900 se
997 3848 1053 3900 iliis
1072 3852 1143 3903 maie
1161 3871 1211 3906 cu-

140 3939 185 3976 ere
207 3926 271 3979 satis
289 3924 438 3981 indicabat
472 3925 581 3975 Etenim
601 3936 647 3972 eos
663 3922 740 3973 nuilla
759 3921 931 3972 humanitate
946 3916 1067 3980 colebat,
1087 3931 1115 3975 et
1132 3927 1209 3977 nulla

111 3937 214 4048 ‘babitu
231 3998 339 4051 ratione
356 3994 558 4054 observantiae,
583 4006 653 4062 quae
674 3991 770 4061 legatis
791 3991 924 4052 debetur,
944 3988 1050 4041 riarum
1070 3997 1208 4048 erroribus

121 4061 261 4138 irrigabat
297 4067 333 4122 Et
353 4064 383 4120 id
405 4063 518 4138 quidem
536 4063 634 4120 Persae
656 4059 720 4116 data
738 4074 823 4133 opera
847 4068 876 4114 et
899 4058 1208 4130 praemeditato'oonsi·
