2909 4717
278 198 362 300 aad
685 220 936 289 macutum

279 402 336 443 nac
360 378 420 441 alio
443 376 548 443 lohere
563 392 706 465 experta,
727 382 786 443 nisi
812 382 905 464 qnod,
920 392 1079 465 postquam
1101 382 1246 450 crevisset
1260 386 1294 451 ln
1314 413 1388 475 poa

278 487 386 571 pulos,
408 486 563 548 madeus
586 500 617 553 ct
637 490 752 573 rapinis
772 491 903 551 danem
916 500 1035 573 gentem
1054 494 1254 561 conturbavit
1295 500 1387 564 Ior-

201 628 205 637 -
278 594 373 657 namt
398 592 474 679 cap.
495 592 625 657 XXIV.
1235 588 1238 595 ’

364 723 397 787 7.
440 702 490 763 Ad
505 726 596 786 quen
615 707 647 766 in
661 705 841 790 legationem
857 713 1000 777 remissus
1017 733 1036 773 e
1052 706 1224 776 Theodosio
1249 717 1387 780 iuniore

279 811 414 897 Priscus,
436 809 575 879 tslivoce
592 818 672 877 inter
688 817 749 881 alia
765 818 866 884 refert
896 820 1041 909 Ingentia·
1052 823 1201 906 siquidem
1222 821 1382 898 flumina,

279 918 313 981 id
334 924 380 981 cet
400 916 525 1001 Tysiam
550 920 758 1005 Tibisiamque
777 934 807 986 et
828 924 969 989 Driccnm
997 938 1204 1005 transetum,
1230 932 1386 993 venimus

217 1056 222 1067 ·
277 1026 424 1093 inlocum
435 1025 533 1104 illum,
547 1024 601 1087 ubi
618 1026 735 1091 dudum
745 1028 897 1114 Yidicula,
914 1029 1083 1095 Gothorum
1100 1034 1290 1114 fortissimus,
1305 1036 1387 1099 Sar·

279 1147 400 1197 metum
426 1132 498 1196 dolo
524 1131 675 1196 occubuit.
716 1133 855 1217 Indeque
875 1157 938 1205 non
962 1135 1053 1221 longe
1075 1138 1240 1217 adsistam,
1254 1142 1287 1201 in
1308 1163 1385 1224 quo

283 1245 348 1309 ltu
368 1240 465 1305 Attila
483 1241 670 1323 morabatur,
690 1246 887 1306 accessimus:
909 1245 1013 1306 sicum
1040 1247 1186 1330 inquam,
1214 1246 1253 1307 ad
1273 1249 1386 1311 instar

47 1414 49 1427 ,
279 1350 410 1415 civitatis
428 1349 646 1433 amplissimae,
666 1352 699 1411 in
729 1370 792 1433 quo
812 1350 912 1435 lignes
930 1358 1050 1415 moenia
1069 1375 1105 1415 ex
1119 1353 1231 1416 tabulis
1245 1357 1385 1417 nitenti-

151 1500 158 1513 .
212 1460 216 1471 '
267 1461 338 1527 ‘lms
351 1460 496 1522 fabricata
510 1460 689 1539 reperimus,
706 1475 837 1539 quartam
851 1476 997 1542 compago
1010 1462 1053 1520 ita
1062 1458 1192 1521 solidum
1200 1460 1380 1523 mentieba-

278 1580 342 1647 tur,
363 1580 399 1630 nt
417 1570 467 1629 vix
487 1565 526 1626 ab
541 1567 656 1624 intento
675 1575 777 1645 posset
793 1566 934 1627 iunctura
952 1567 1126 1629 tabularum
1143 1566 1381 1649 comprehendi.

278 1676 407 1738 Videres
427 1672 558 1737 triclinia
571 1671 688 1732 ambitu
700 1671 863 1754 prolixiore
879 1670 1026 1751 distenta,
1063 1677 1256 1757 porticusque
1279 1678 1312 1735 in
1344 1697 1379 1737 o-

277 1787 343 1845 mni
362 1784 470 1845 decore
490 1778 657 1864 dispositas.
679 1780 762 1841 Arca
788 1800 862 1841 vero
874 1783 982 1867 *curtis
1002 1784 1115 1865 ingenti
1129 1782 1244 1842 ambitu
1264 1784 1380 1867 cinge-

279 1891 392 1968 batur,
413 1901 449 1951 ut
463 1886 630 1970 amplitudo
649 1888 713 1967 ipsa
735 1889 849 1970 regiam
866 1886 967 1949 aulam
984 1890 1163 1951 ostenduet.
1204 1887 1271 1948 Hae
1284 1890 1378 1953 sedes

280 2008 366 2057 erant
387 1995 501 2056 Attilae
516 1994 605 2075 Regis
628 1991 802 2054 Barbetium
830 2004 925 2054 totam
945 1990 1093 2057 tenentis:
1116 1994 1190 2056 haec
1207 1998 1304 2078 captis
1326 2000 1379 2060 ci·

280 2105 426 2166 vitatibus
443 2100 615 2167 habitacula
628 2102 846 2183 praeponebat.
890 2103 967 2188 Cap.
982 2102 1142 2165 XXXIV.

282 2284 285 2293 y
363 2210 395 2275 8.
440 2209 501 2289 Qui
517 2207 637 2293 [Attila]
659 2212 798 2291 quamvis
822 2208 913 2273 huius
927 2222 1003 2273 esset
1028 2222 1170 2295 naturae,
1189 2224 1224 2274 ut
1250 2235 1380 2298 semper

281 2337 391 2399 magna
402 2314 577 2394 confideret,
598 2314 728 2376 addebat
740 2317 767 2376 ei
780 2327 881 2378 tamen
901 2317 1112 2379 confidentiam
1127 2316 1244 2402 gladius
1262 2322 1379 2385 Martis

281 2427 435 2503 inventus,
456 2423 539 2506 apud
556 2422 739 2507 Scytharum
758 2445 842 2506 reges
857 2446 976 2510 semper
998 2425 1129 2489 habitus.
1174 2429 1275 2506 Quem
1298 2430 1377 2493 Pri-

281 2531 520 2596 scushistoricus
545 2532 599 2592 tali
624 2531 717 2592 refert
737 2534 895 2593 occasione
915 2532 1080 2595 detectum.
1122 2536 1227 2613 Quum
1245 2547 1376 2619 putor,

281 2647 444 2728 inquiens,
466 2640 589 2743 quidam
606 2641 704 2725 gregis
717 2662 810 2702 unam
832 2638 976 2703 buculam
992 2644 1180 2726 conspiceret
1196 2642 1377 2711 claudican-

280 2764 362 2830 tem,
394 2774 451 2813 nec
475 2768 596 2811 musam
619 2751 696 2808 tanti
718 2747 855 2808 vulneris
877 2747 1044 2827 inveniro,
1074 2750 1220 2813 sollicitus
1237 2757 1374 2838 vestigia

280 2860 398 2919 cruoris
419 2859 606 2938 insequitur:
633 2852 819 2937 tandemque
845 2854 929 2915 venit
954 2854 993 2915 ad
1019 2854 1171 2939 gladium,
1202 2884 1295 2946 quem
1316 2864 1376 2929 de-

280 2986 406 3047 pascens
424 2962 534 3025 herhas
546 2960 657 3023 bucula
676 2963 797 3021 incaute
811 2957 991 3037 calcaverat,
1013 2962 1213 3049 effossumque
1227 2971 1374 3052 protinus

281 3070 321 3134 ad
338 3071 465 3133 Attilam
492 3069 597 3131 desert.
640 3068 710 3148 Quo
731 3064 783 3127 ille
797 3087 922 3128 munere
945 3069 1131 3151 gratulatu,
1154 3085 1278 3136 uteret
1303 3099 1373 3139 ma-

280 3178 454 3262 gnanimus,
476 3177 642 3237 arbitratur
665 3194 698 3234 se
726 3175 819 3234 totius
844 3174 950 3236 mundi
967 3179 1135 3260 principem
1149 3185 1373 3264 constitutum,

280 3296 313 3346 et
333 3306 388 3365 per
419 3286 528 3345 Martis
557 3278 691 3364 gladium
712 3286 891 3361 potestatem
914 3280 973 3342 sibi
995 3302 1165 3349 concessam
1189 3309 1252 3349 esse
1270 3286 1375 3352 bello·

282 3412 364 3456 rum.
406 3392 481 3475 cap.
500 3385 644 3448 XXXV.

366 3519 399 3583 9.
443 3498 549 3575 Quum
570 3493 609 3554 ad
634 3493 765 3554 Romam
788 3494 906 3557 animus
929 3496 1032 3560 fuisset
1057 3499 1122 3563 eius
1153 3502 1299 3590 [Attilae]
1325 3518 1374 3568 at·

283 3616 385 3670 tentus
397 3604 560 3679 accedere,
589 3605 635 3663 sui
662 3623 743 3681 eum,
765 3614 800 3664 ut
818 3604 942 3667 Priscus
965 3608 1057 3669 rescat
1074 3610 1247 3695 historicus,
1268 3614 1374 3677 remo-

284 3736 376 3793 vere,
405 3733 468 3774 non
493 3711 584 3788 urbi,
613 3714 662 3772 eui
690 3713 805 3773 inimici
820 3723 926 3797 erant,
947 3715 1157 3796 consulentes,
1179 3720 1233 3781 sed
1253 3720 1374 3784 Alarici

185 3804 193 3879 ,¹
284 3814 438 3905 quondam
469 3818 709 3903 vesegotharum
735 3818 825 3902 Regis
856 3819 1030 3885 obiicientes
1060 3818 1250 3910 exemplum,
1282 3831 1374 3892 veriti

204 3918 376 4012 ‚Rhaegis
408 3930 454 3990 sni
481 3928 633 3989 fortunam
640 3974 649 4003 ‚
680 3929 751 4011 quis
789 3926 841 3988 illc
861 3942 929 4012 post
944 3930 1071 3992 fractam
1093 3934 1220 3996 Romam
1235 3937 1289 3997 din
1310 3959 1373 4000 non

280 4039 497 4117 supervixerat,
513 4030 566 4094 sed
582 4035 723 4116 protinus
738 4032 829 4095 rebus
839 4032 963 4098 ‘excessit
977 4036 1126 4105 humanis.
1146 4030 1225 4124 Cap.
1259 4040 1370 4105 XLII·
