2909 4717
490 795 584 871 DE
631 790 1117 872 HISTORICIS

349 1002 498 1071 Quonim
521 1003 703 1069 leUlAE
726 1002 799 1052 noc
821 1000 1000 1054 sonuumn
1024 1000 1281 1054 construam.

269 1275 464 1386 Pnnuos
497 1319 736 1385 nnannurus
769 1320 1039 1402 numeroso,
1070 1322 1233 1385 Ptolemaei
1253 1323 1280 1384 f.
1302 1323 1333 1404 ν)
1357 1368 1371 1405 ,

269 1421 481 1500 Atheniensis,
502 1423 586 1505 Pago
607 1421 779 1482 Hermensis
792 1466 819 1499 „
841 1441 859 1482 e
879 1420 1025 1504 Corycum
1046 1432 1134 1503 gente
1148 1422 1192 1501 ⁸),
1214 1444 1369 1486 summos

188 1592 195 1605 q
268 1525 301 1586 io
320 1525 442 1583 civitate
461 1522 589 1582 honores
609 1520 735 1603 adeptus
756 1531 817 1595 est,
839 1542 891 1581 rex
904 1531 1021 1581 creatus
1034 1531 1124 1603 atque
1140 1521 1252 1582 archon
1277 1544 1369 1605 epo-

268 1642 401 1705 nymus3
422 1621 638 1703 splendideque
657 1618 855 1703 agonothetae
881 1641 1006 1681 munere
1035 1619 1253 1683 Panathenaeis
1277 1622 1367 1681 fun-

270 1732 355 1799 ctus3
378 1721 478 1782 clarus
496 1732 598 1781 orator
617 1731 708 1801 atque
726 1719 921 1781 historiarum
942 1723 1092 1803 scriptor3
1122 1732 1244 1802 propter
1272 1742 1366 1804 quas

270 1818 409 1880 fortunae
435 1818 525 1879 simul
550 1828 641 1897 atque
669 1816 834 1878 industriae
853 1820 938 1880 dotes
957 1830 1071 1881 statuae
1091 1820 1205 1882 honore
1223 1834 1363 1882 ornatus

269 1927 336 1995 est,
361 1916 447 1976 cuius
475 1914 555 1974 basis
582 1934 652 1972 cum
671 1913 760 1972 titulo
780 1925 886 1974 exstat.
928 1917 987 1977 Sed
1007 1918 1096 2001 longe
1120 1920 1363 2001 praeclariorem
1427 1946 1428 1949 ¹

270 2015 516 2094 saeculommque
535 2011 680 2071 memmio
700 2010 825 2091 dignum
845 2012 991 2072 honorem
1010 2017 1067 2076 sibi
1084 2023 1270 2100 comparavit
1290 2041 1360 2103 quo
1427 2000 1428 2053 ἶ

269 2098 423 2195 t'empore,
445 2111 544 2172 effusis
564 2111 596 2169 in
609 2109 766 2169 Graeciam
785 2130 840 2190 per
857 2109 1051 2190 Propontidis
1070 2115 1200 2176 claustra
1216 2119 1359 2200 Herulis,
1427 2102 1428 2135 l

271 2214 424 2294 captisque
435 2210 573 2285 Athenis,
597 2208 677 2286 ciues
699 2229 801 2270 secum
822 2210 855 2269 in
876 2207 970 2269 saltus
989 2211 1087 2272 invios
1107 2233 1142 2272 ex
1161 2215 1246 2276 urbis
1265 2217 1357 2279 clade
1427 2230 1428 2245 ¹

273 2311 415 2394 profugos
453 2310 665 2387 confirmauit3
692 2307 824 2391 bellique
850 2308 891 2368 ab
922 2308 960 2369 iis
984 2308 1045 2370 dux
1067 2315 1262 2391 constitutus,
1295 2318 1356 2377 ad-

272 2421 376 2472 vectae
395 2413 429 2471 in
452 2410 572 2471 Atticae
591 2430 676 2472 oram
696 2429 839 2470 romanae
858 2407 966 2487 classi,
993 2409 1042 2470 cui
1065 2409 1242 2474 Cleodamus
1261 2435 1354 2495 prae-
1427 2444 1428 2471 r

273 2522 349 2584 erat,
370 2514 567 2590 coniunctus,
588 2510 733 2572 ultionem
748 2508 787 2570 de
802 2507 938 2569 barbaris
950 2507 1082 2590 aliquam
1101 2513 1229 2590 sumsit,
1250 2512 1353 2575 tribus
1427 2550 1428 2553 η

273 2611 407 2672 millibus
435 2633 470 2673 ex
498 2613 632 2694 ipsorum
661 2630 786 2670 numero
813 2630 868 2691 per
895 2610 1081 2671 occasionem
1120 2610 1279 2673 intersectis
1307 2615 1347 2693 ⁴).
1427 2614 1428 2679 s

275 2713 345 2790 Quo
359 2710 437 2772 facto
449 2712 497 2771 vir
515 2713 639 2772 eximius
659 2721 726 2792 post
743 2711 923 2791 quingentos
937 2729 1032 2769 anuos
1042 2707 1239 2773 Athenienses
1256 2715 1349 2775 armis

274 2811 412 2873 desuetos
426 2811 544 2871 adrem
563 2809 749 2893 gloriamque
762 2807 921 2870 militarem
938 2812 1113 2869 revocavit:
1145 2810 1349 2873 Mithridatico

275 2913 357 2970 enim
377 2910 458 2971 bello
478 2932 540 2971 aon
554 2930 607 2969 sua
622 2930 720 2989 neque
738 2920 844 2990 sponte
862 2929 946 2968 arma
963 2919 1099 2969 moverat
1114 2908 1214 2970 infelix
1231 2911 1345 2972 civitas.

276 3012 381 3089 Quum
404 3011 496 3091 igitur
510 3009 548 3069 de
570 3007 626 3068 hac
641 3010 769 3090 Dexippi
788 3005 884 3090 gloria
903 3005 1009 3067 titulus
1028 3016 1143 3069 statuae
1160 3008 1263 3087 sileat,
1284 3033 1347 3072 cre·

276 3109 375 3169 ditum
412 3118 457 3170 est
486 3110 569 3189 prius
593 3111 721 3188 positam
745 3128 918 3189 essequam
939 3105 1021 3167 illam
1042 3098 1272 3189 adipisceretur}
1298 3111 1346 3171 eui

275 3209 409 3290 opinioni
435 3208 521 3267 facile
551 3207 743 3285 accederem,
765 3207 796 3283 ‚si
822 3206 947 3267 historia
973 3209 1061 3281 aevi,
1098 3228 1213 3288 „quam
1239 3211 1346 3290 partim

277 3329 312 3370 ex
333 3307 443 3385 libris,
464 3306 575 3390 partim
601 3327 618 3367 e
645 3307 708 3367 vita
725 3305 892 3384 hauserit,”
913 3316 949 3366 ut
973 3309 1155 3389 epigramma
1175 3307 1343 3389 praedicat,

275 3407 395 3467 diversa
420 3428 483 3468 esse
514 3417 612 3488 posset
649 3407 689 3467 ab
719 3405 771 3467 illa
797 3407 895 3467 omnis
928 3407 1015 3485 aevi,
1043 3409 1128 3467 cuius
1156 3410 1290 3469 notitiam
1309 3431 1343 3470 ex

200 3563 203 3567 ,
275 3507 415 3588 Eunapio
445 3518 476 3568 et
498 3505 609 3568 Photio
634 3505 790 3568 habemus.
835 3506 882 3567 Ea
907 3507 938 3567 in
967 3507 1066 3589 primo
1087 3506 1205 3568 Claudii
1231 3509 1342 3571 Gothici
1427 3596 1428 3601 η

314 3688 340 3761 r)
359 3687 464 3742 Nomen
485 3691 618 3759 integrum
638 3689 751 3744 exhibet
767 3689 847 3740 inser.
859 3689 917 3742 380.
930 3702 1000 3758 corp.
1016 3688 1092 3739 inser.
1110 3703 1193 3757 graec
1257 3690 1283 3760 n)
1298 3690 1339 3743 Sic
1427 3736 1428 3787 q

346 3758 502 3844 inscriptio:
528 3778 588 3843 nem
612 3761 708 3814 suidas
734 3778 753 3812 s.
774 3775 795 3809 v.
815 3760 972 3819 Δέξιππος,
998 3758 1148 3840 Dexippum
1176 3762 1338 3843 patremnilli

343 3830 487 3972 tillim
507 3832 550 3951 ri)
560 3831 613 3952 ll·
622 3828 1338 3970 titllsfltfissilit?:ltqt‘zt‘ut'lt

344 3974 418 4024 noris
437 3971 604 4041 praelatione
624 3970 814 4029 nominandus,
832 3969 1011 4037 excogitauit,
1029 3985 1101 4021 none
1119 3968 1226 4021 demum
1235 4008 1244 4033 ,
1268 3970 1337 4023 editis

346 4040 687 4166 iiitdlelemlliituwpm
706 4042 741 4095 de
760 4040 902 4094 renuntiis
918 4039 1091 4109 (μδ-38-
1110 4038 1153 4094 ed.
1171 4041 1266 4112 Boou)
1280 4058 1335 4096 ooo·
1427 4116 1428 4123 ἵ
