2909 4717
421 230 692 335 uminum
718 234 926 301 maronii.
1123 210 1182 301 38
1190 240 1204 299 r

114 381 157 447 δέ
181 404 262 460 τινες
280 383 339 447 τοῦ
360 375 464 469 φῦλου
483 381 520 450 τό
541 382 622 450 κατά
647 387 735 473 σφοῖς
755 384 874 463 αῦτοῦς
896 372 1127 472 ἐναφανέντες,
1149 386 1339 468 orielem

112 475 205 546 εἶναι
221 479 328 565 ἔλεγον
347 484 410 546 τόν
430 483 590 549 circumdor
607 485 777 568 ἐλατῆρας,
806 485 909 569 ἐγχοῦ
929 477 1030 571 ἦλθον
1051 493 1114 554 τῶν
1133 482 1310 576 medule.
1343 548 1348 563 ,

111 579 308 665 Ζῆμαρχον.
351 579 407 646 καί
423 583 529 647 τοίνυν
548 577 675 649 ἅπαντα
696 579 758 649 όσα
778 586 969 671 ἐπεφέροντο
990 590 1109 673 φορτία
1130 552 1338 674 ‹inci-{3⁸¹stim

110 702 225 760 μενοι,
248 676 365 745 ἔδοσαν
384 682 420 745 ἐν
450 682 548 770 μέσῳ.
590 677 656 747 εἶτα
675 693 742 759 τοῖς
761 687 820 748 τοῦ
839 682 970 766 λιβάνου
991 684 1118 762 κλάδοις
1138 691 1205 774 πῦρ

88 776 311 860 5άνόψαντες,
330 781 369 868 τῇ
382 783 524 868 Σκυθικῆ
537 783 630 869 φωνῆ
643 780 794 867 βάρβαρα
808 776 888 847 όττα
901 781 1031 869 ῥήματα
1051 783 1211 867 ῦπεψιθό·

114 879 220 963 ριζον,
242 879 511 962 ἐπιπαταγοῦντες
531 882 567 945 δέ
588 878 717 946 κάδανί
740 905 805 946 τινι
824 881 881 946 καί
897 877 1049 971 τυμπάνῳ
1069 880 1210 966 ῦπερθεν

112 982 178 1042 τοῦ
201 973 323 1063 φόρτου
350 981 542 1064 περιέφερον
572 977 609 1045 τό
638 983 806 1067 φυλλοῦδες
825 984 883 1065 ,τοῦ
902 977 1033 1063 λιβάνου
1049 984 1095 1068 Ιτῇ
1116 986 1212 1067 φλογί

111 1072 335 1158 λακιζόμενον,
356 1077 412 1142 καί
432 1073 501 1159 ἅμα
519 1076 678 1162 γινόμενοι
691 1075 864 1162 μανιώδεις
883 1084 940 1145 καί
959 1075 1210 1164 έμβριμοόμενοι

110 1175 159 1240 τά
178 1171 300 1259 πονηρά
321 1173 511 1240 άπελαόνειν
530 1174 678 1249 ἐδόιιιν·
718 1173 800 1243 airu
821 1180 881 1262 γάρ
903 1178 1118 1263 α’πστρόπαιοί
1128 1203 1209 1255 τινες

65 1270 198 1341 rostras
218 1275 273 1339 aei
292 1274 470 1354 ἀλεξίκακοι
498 1271 640 1342 ἐδόκουν.
688 1276 1044 1361 άποδιοπομπησάμενοι
1064 1274 1110 1362 ,δῆ
1133 1267 1206 1358 οῦν,

113 1369 162 1447 σός
184 1363 296 1461 ᾤοντο,
320 1373 361 1439 τά
385 1376 546 1463 δυσχερῆ,
575 1374 754 1461 Ζῆμαρχόν
782 1400 817 1441 τε
837 1373 938 1441 αῦτόν
964 1378 1008 1439 δι’
1029 1370 1126 1461 αῦτῆς
1145 1402 1209 1441 πα-

111 1468 256 1557 ρήγαγον
284 1475 341 1557 τῆς
374 1470 523 1559 φλογός·Ι
548 1465 613 1539 οἶδέ
633 1498 666 1539 τε
698 1473 811 1554 ἔδοξαν
827 1476 884 1539 καί
902 1477 989 1561 σφᾶς
1012 1475 1207 1560 άφαγνίςειν.

110 1569 240 1636 τούτων
270 1574 306 1636 δέ
333 1570 433 1661 ταότη
453 1576 690 1657 γεγενημένων,
719 1571 830 1638 ἔπειτα
859 1572 1043 1657 ἐπορεάοντο
1064 1570 1122 1651 ξῦν
1142 1583 1208 1653 τοῖς

110 1672 147 1746 ἐς
168 1667 205 1735 τό
226 1665 343 1735 τοιόνδε
364 1673 579 1753 τεταγμένοις,
602 1671 654 1737 ἳνα
675 1670 692 1737 ό
714 1668 865 1754 Χαγάνος
886 1667 983 1748 αῦτός
1005 1662 1056 1754 ἦν,
1078 1668 1112 1736 έν
1133 1662 1228 1754 όρειῦ

68 1767 178 1837 murt
195 1772 349 1859 λεγομένῳ
368 1768 497 1851 Ἐκτάμ,
517 1770 562 1846 οῦς
582 1766 622 1835 άν
634 1770 717 1837 εἴποι
736 1775 880 1855 χρυσοῦν
899 1761 971 1856 όρος
982 1767 1095 1854 Ἕλλην
1115 1765 1224 1856 οἰνῆρ.4

110 1867 170 1933 καί
189 1870 297 1934 τοίνυν
317 1867 420 1931 οάτοῦ
442 1865 630 1953 ἀφικόμενοι
641 1920 651 1951 ,
677 1866 739 1954 όπη
758 1872 931 1953 τηνικαῦτα
950 1871 994 1958 τῷ
1016 1867 1206 1957 Διζαβοόλρι

108 1961 196 2053 ἦσαν
219 1964 256 2033 αἱ
278 1966 446 2051 διατριβαί
453 2018 463 2050 ,
494 1966 575 2033 κατά
597 1967 636 2053 tr)
659 1952 791 2035 κοιλάδα
813 1967 883 2035 τινά
907 1972 967 2032 τοῦ
988 1990 1208 2052 προσαγορευ-

110 2067 229 2148 ομένου
257 2069 385 2157 χρυσοῦ
413 2057 518 2151 όρους·
567 2067 639 2135 ἐπεί
662 2062 720 2133 οῦν
757 2065 787 2131 οἱ
812 2066 886 2153 περὶ
910 2065 1086 2152 Ζῆμαρχον
1105 2069 1207 2131 ἐκεῖσε

109 2166 293 2251 ἐφοόησαν,
313 2165 501 2252 μετάκλητοι
520 2164 681 2252 γενόμενοι
701 2170 900 2252 παραχρῆμα
922 2171 979 2232 τοῦ
1000 2161 1204 2247 Διζαβοόλου

64 2259 215 2350 actitetur
236 2267 269 2341 ἐς
290 2257 375 2347 iuer.
398 2260 439 2352 ῆν
458 2271 494 2333 δέ
515 2261 581 2354 ἄρα
603 2265 693 2333 ἔνδον
712 2272 843 2352 σκηνῆς,
864 2268 1007 2351 καθῆστο
1029 2266 1062 2329 δὲ
1083 2263 1137 2329 ε’πί
1156 2266 1207 2329 δι·
1270 2334 1278 2348 x

107 2361 229 2451 τρόχοα
249 2368 411 2452 καθέδρας
428 2368 574 2452 χρυσῆς,
597 2362 781 2451 ἑλκομένης,
803 2363 933 2450 ὁπηνίκα
960 2363 1043 2445 ἔδει,
1072 2365 1129 2448 ὑφ’
1150 2365 1234 2428 irc-v.
1247 2380 1294 2431 103

108 2488 172 2529 που
195 2459 275 2540 ἑνός.
314 2464 537 2551 προσειπόντες
564 2469 600 2531 δὲ
625 2466 679 2531 τὸν
699 2464 882 2550 βάρβαρον,
904 2463 947 2539 ὥς
968 2462 1042 2537 ἔθος
1065 2463 1194 2541 αῦτοῑς,

106 2562 150 2631 τά
172 2567 262 2650 δοῦρα
290 2570 485 2651 προΐσχοντο.
528 2563 585 2631 κατ’
610 2568 717 2633 τοίνυν
738 2560 787 2639 οἷς
807 2588 847 2647 yr·
868 2566 962 2629 τοῦτο
983 2559 1019 2626 ἐν
1039 2558 1203 2647 φροντίσιν

181 2702 205 2737 a.
225 2684 370 2740 ἀπαισίων
386 2685 436 2749 Ν.,
454 2682 605 2738 δπουσίιον
620 2685 691 2753 vulg.
799 2684 868 2736 λ·-
889 2683 912 2734 5.
932 2679 1022 2730 Verba
1038 2678 1197 2747 δπεφίρον·

179 2770 212 2808 το
231 2783 261 2796 -
280 2757 425 2825 βάρβαρα,
450 2772 520 2825 quae
543 2756 573 2806 in
598 2756 654 2807 Ecl·
683 2753 862 2813 exciderunt,
879 2769 913 2803 ex
932 2748 1015 2802 Suida
1041 2764 1060 2798 s.
1084 2765 1107 2799 v.
1126 2763 1201 2816 φορ·

179 2829 228 2878 σία
251 2827 374 2881 restituit
396 2828 524 2894 Toupius
542 2827 562 2876 l.
580 2842 607 2894 p·
626 2828 686 2881 552.
706 2823 762 2895 (ed.
789 2822 835 2887 L.)
854 2822 890 2873 N.
961 2822 985 2874 5.
1018 2817 1103 2871 ἐδττα
1127 2818 1201 2888 vulg.

178 2898 256 2949 staro
275 2899 308 2951 Η.
326 2899 407 2950 llecte
419 2895 481 2948 vat.

105 3000 295 3068 ostenderent,
316 3003 346 3053 in
365 3014 413 3053 rua
430 2999 543 3069 regione
563 2997 630 3050 ierri
645 2996 755 3050 fodinas
770 3010 837 3046 esse.
873 2993 928 3047 Alii
945 3007 1056 3074 quoque
1073 2989 1204 3043 homines

107 3088 142 3123 es
160 3072 254 3124 eadem
283 3081 363 3144 gente
387 3088 417 3122 ae
444 3071 518 3139 ipsos
541 3076 639 3138 sponte
665 3066 872 3128 exhibuerunt,
900 3082 970 3135 quos
992 3061 1120 3114 dicebaut
1138 3078 1197 3114 esse

107 3158 279 3194 averruncos.
315 3142 351 3194 lli
371 3157 430 3193 cum
455 3140 489 3191 ad
508 3138 682 3191 Zemarchum
705 3138 896 3198 accessissent,
916 3135 1028 3187 sarcinis
1045 3132 1197 3200 depositis,

106 3211 198 3265 thuris
225 3214 291 3267 lolia
310 3210 514 3270 incenderem,
534 3208 716 3279 Scythicaque
735 3209 828 3277 lingua
847 3207 943 3257 nescio
961 3218 1031 3276 quae
1049 3202 1132 3255 rerba
1151 3218 1197 3252 su·

106 3293 265 3344 currerunt,
281 3292 310 3336 et
334 3280 530 3336 tintinnabulis
549 3288 633 3350 atque
652 3282 789 3347 tympanis
808 3284 975 3337 resonantes,
994 3273 1090 3325 lolium
1107 3272 1195 3325 thuris

105 3355 172 3423 igne
193 3372 253 3406 cum
272 3354 390 3424 strepitu
413 3356 560 3404 laceratum
581 3348 825 3409 circumferebant,
849 3354 879 3398 et
893 3347 987 3398 surore
1015 3344 1113 3413 perciti
1138 3342 1195 3405 freq

105 3432 287 3495 mentesque,
307 3424 453 3476 daemones
473 3422 613 3490 depellere
630 3419 718 3473 videri
735 3417 874 3472 volebant.
909 3416 1028 3468 Adversa
1047 3415 1146 3483 igitur,
1164 3420 1196 3463 ut

105 3497 317 3555 existimabant.
343 3495 398 3547 alio
423 3493 560 3554 aversuri,
584 3490 762 3544 Zemarebuin
783 3491 939 3610 ipsuner
957 3486 1089 3538 flammam
1109 3482 1195 3534 duxe-

104 3574 187 3630 ruut,
205 3586 260 3638 quo
280 3568 335 3619 ritu
353 3582 382 3616 se
400 3565 473 3634 ipsos
484 3579 595 3633 quoque
607 3561 735 3613 lustrasse
753 3558 842 3612 sibivi
901 3566 988 3611 antur·
1008 3557 1056 3609 llis
1074 3555 1112 3604 ita
1129 3568 1196 3603 con·

103 3636 202 3698 fectis,
222 3634 423 3690 deducentibus
448 3635 549 3706 quibus
566 3633 620 3684 hoc
638 3647 738 3685 munna
756 3628 948 3690 incumbebat,
969 3627 1003 3681 ad
1022 3627 1127 3684 locum,
1144 3621 1201 3673 ubi*

104 3715 166 3758 erat
181 3706 334 3775 Cbaganus,
353 3707 382 3756 iu
400 3715 502 3768 monte,
523 3706 572 3774 qui
593 3711 707 3755 vocatur
724 3701 798 3769 apud
815 3703 888 3769 ipsos
901 3701 992 3766 Ectag.
1011 3702 1131 3746 montem
1146 3705 1197 3741 au·

102 3795 180 3832 reum
191 3777 432 3846 diceres.prolecti
445 3781 516 3829 sunt.
538 3776 569 3826 lu
587 3775 669 3827 huius
682 3772 805 3825 convalle
823 3781 880 3822 tum
899 3767 1027 3835 temporis
1046 3761 1195 3816 eratllisa·

102 3848 164 3902 buli
187 3850 366 3902 domicilium.
383 3847 454 3900 illuc
471 3862 532 3897 curn
551 3846 699 3907 venissent,
710 3845 803 3897 vocati
817 3842 908 3893 statim
926 3839 961 3889 ad
971 3836 1128 3904 Cbagnnuua
1146 3845 1192 3881 ac·

104 3929 252 3973 cesserunt.
289 3921 315 3971 ls
335 3932 399 3970 vero
418 3920 491 3969 intra
507 3918 657 3968 tentorium
667 3931 746 3965 suum
765 3911 880 3964 sedebat
897 3912 925 3960 in
943 3908 1012 3959 sella
1031 3902 1137 3955 duabus
1147 3917 1193 3952 ro·

103 3993 139 4042 tis
158 3992 288 4053 suffulta,
307 4006 395 4060 quae,
415 3988 439 4040 si
458 4002 526 4055 opus
547 3995 631 4046 esset,
649 4001 707 4034 unu
724 4000 797 4053 equo
816 3980 983 4034 trahebatur.
1021 3976 1111 4042 Quem
1129 3987 1191 4022 cunr

102 4063 278 4122 salutassent,
298 4075 427 4120 munera,
453 4067 484 4109 ut
503 4072 560 4109 raus
579 4063 630 4113 eat.
649 4055 842 4122 protulerunt.
861 4066 932 4119 quae
951 4047 991 4098 bi.
1018 4042 1192 4115 quibuslibe

100 4132 266 4187 mutarum
283 4138 357 4195 etat,
382 4135 570 4200 susceperuut
617 4126 689 4178 'luni
716 4120 890 4176 Zemarclrus:
927 4117 1028 4181 „'l'ibi‚
1049 4115 1155 4186 inquit,
1172 4128 1190 4165 ο
