2909 4717
360 182 364 203 '
489 169 783 284 nitaminicns.

62 397 66 407 ·
88 371 182 448 Quae
198 373 266 455 plus
284 377 437 457 corrupit,
461 393 553 456 qiram
580 386 678 438 cetera
698 375 828 452 ianua,
850 376 957 438 victos.

88 470 135 530 Et
151 483 264 533 mentes
281 474 480 536 avidasorbis
495 475 823 556 consumptogostas

180 571 321 655 Principe
340 594 395 654 pro
410 565 490 644 idio
510 579 610 634 taceat
624 575 695 655 qm‘s
712 569 846 632 fulminis
862 573 959 634 ictus?

91 667 176 728 Nam
191 692 267 751 quos
288 694 351 733 non
370 672 466 734 valuit
478 672 573 736 robor
590 681 784 753 corrumpere
802 671 931 750 Mutis,

92 768 157 829 Nec
177 780 221 830 tot
237 771 398 832 ductorum
423 772 608 834 circumdata
633 772 753 832 moenia
770 768 870 848 vallo,

92 866 208 929 Deiicit
231 868 289 931 hos
307 874 415 932 summi
430 873 572 954 genitoris
590 871 710 932 dextera
729 869 879 953 flamus„

91 966 231 1029 iniustos
245 980 350 1030 contra
369 973 518 1052 praesenti
538 972 661 1032 numine
679 990 829 1053 pugnans.

93 1065 126 1124 Ο
151 1067 246 1146 pietas
263 1078 436 1150 praestans,
454 1079 519 1129 toto
543 1067 747 1131 memorabilis
764 1089 863 1145 aevo,

95 1164 161 1225 Pro
181 1187 241 1246 qua
261 1188 331 1227 cum
351 1170 449 1230 ventis
470 1169 624 1238 sociantur
643 1167 758 1249 proelia
778 1167 908 1242 nimbis,

96 1263 224 1344 Ignibus
235 1278 265 1326 et
283 1264 395 1348 rapidis
418 1277 574 1334 annuatur
594 1265 716 1350 fulgura
733 1265 832 1344 bello,

96 1363 340 1447 Percutiuntqua
359 1387 433 1427 sono
450 1388 593 1428 conctusa
610 1367 746 1427 tonitrua
760 1377 890 1432 montes.

97 1462 183 1540 Quid
199 1474 389 1547 tempestates
408 1464 582 1526 memorabo
596 1463 737 1527 fluctibus
751 1476 851 1539 ortas,

96 1561 201 1644 Atque
217 1562 312 1624 hostis
325 1565 435 1648 Lyciae
455 1567 602 1646 proiectas
623 1563 863 1628 littorerclosstst

99 1661 179 1721 Cum
204 1665 270 1724 vice
297 1664 425 1724 Romani
451 1663 572 1725 functae
586 1675 659 1726 sunt
675 1664 780 1727 militis
794 1663 913 1738 undae,
937 1691 945 1706 ·’

98 1761 261 1842 Sceptriser
282 1773 313 1823 et
327 1765 405 1843 cepit
426 1761 533 1846 pelago
546 1774 698 1846 pugnante
712 1763 924 1846 triumphum

98 1859 214 1919 Omnia
230 1860 275 1920 sio
286 1858 396 1920 habuit
415 1864 514 1924 virtus
540 1861 691 1936 elenaenta
707 1860 811 1924 saluti.

184 1958 262 2036 Quis
281 1969 397 2040 repetat
410 1961 521 2022 totiens
536 1962 614 2024 acies
633 1971 807 2043 stragesque
820 1970 980 2045 percum

99 2056 312 2139 Aequatasque
326 2058 390 2119 solo
407 2058 529 2121 sublimi
544 2062 675 2142 tegmine
690 2063 815 2121 turres?

100 2155 285 2237 Agminibus
295 2155 416 2220 domitis
432 2178 502 2220 cum
523 2169 609 2241 parte
625 2157 804 2220 cadentibus
823 2160 926 2240 omni,

103 2253 247 2317 Flumina
263 2254 418 2318 torrebant
439 2254 538 2319 fluviis
553 2268 669 2319 mutata
685 2258 824 2338 cruoris3

101 2354 145 2414 Et
165 2338 257 2436 prope
272 2356 448 2438 corporibus
469 2357 563 2439 raptis
586 2368 658 2418 sunt
676 2361 753 2418 ostia
771 2356 885 2420 clausa.

102 2452 191 2512 Tunc
211 2474 293 2514 mare
311 2455 438 2517 confuso
457 2454 594 2516 rutilavit
614 2457 760 2538 sauguine
782 2456 917 2534 victum,

103 2548 146 2610 Et
165 2554 257 2612 saturi
270 2555 364 2634 pisces
383 2564 531 2635 tempsere
551 2553 700 2616 cadavera
716 2552 819 2635 plura.

185 2651 236 2710 Sic
251 2654 303 2733 qui
318 2653 481 2734 sperabant
496 2655 630 2733 captivas
647 2652 760 2713 ducere
772 2662 900 2724 matres,

105 2748 206 2831 Atque
222 2750 286 2809 frui
302 2748 405 2832 spoliis
425 2750 511 2810 urbis
526 2751 662 2831 sacrique
679 2749 772 2832 palati
790 2792 799 2827 ,

102 2845 157 2910 Etx
168 2870 250 2931 reges
272 2850 403 2927 iterum,
421 2849 599 2910 infandum!
630 2871 663 2910 se
681 2849 808 2911 reddere
829 2848 938 2928 nobb,
1018 2848 1023 2862 “

104 2950 235 3013 Lumine
249 2969 319 3008 curn
334 2948 409 3009 caeli
423 2959 523 3010 terrae
539 2968 665 3009 caruere
679 2942 835 3030 sepulcris.
848 3003 852 3018 ,

105 3049 152 3109 At
171 3047 278 3129 reliqui
295 3049 408 3128 patrias
426 3046 515 3109 aedes
531 3047 683 3129 urbesque
699 3045 899 3130 relinquunt,

107 3147 215 3208 Orbati
233 3146 329 3224 natis,
353 3146 488 3229 lugentes
510 3149 637 3229 pignora
656 3166 752 3223 cara3

106 3247 229 3306 Moenia
252 3245 445 3323 subvertunt,
462 3263 671 3327 quaecumque
689 3244 855 3327 reliquerat
871 3246 961 3330 ignis,

105 3343 148 3404 Et
168 3346 218 3404 vix
236 3343 370 3405 aetherio
388 3366 502 3427 poenas
519 3366 640 3407 sensere
659 3344 793 3406 Tonanti

107 3443 244 3504 Reddere
259 3464 291 3504 se
305 3445 422 3520 iustas,
440 3454 615 3528 contempto
635 3443 720 3529 mille
734 3466 791 3527 per
811 3466 906 3508 annos
912 3491 924 3524 ‚

106 3542 305 3625 Ultoremque
319 3545 420 3605 Deum
434 3555 503 3627 post
520 3543 621 3607 clades
636 3563 700 3607 esse
723 3544 878 3626 ibunnu,

108 3642 212 3723 Atque
229 3645 276 3701 sui
298 3664 382 3706 casus
398 3666 430 3706 se
446 3665 569 3706 causam
590 3645 667 3708 scire
689 3643 791 3708 fuisse.

108 3740 167 3801 Sed
181 3750 282 3799 tamen
304 3741 435 3825 Augusti
450 3754 573 3827 superat
589 3742 749 3806 clementia
769 3755 896 3823 cuncta,

83 3898 85 3900 ,
110 3841 173 3917 Qui
192 3848 302 3899 stratos
321 3840 455 3918 relevat,
476 3843 595 3905 domuit
614 3863 690 3925 quos
703 3844 803 3904 Marte
819 3841 990 3926 superbos,

111 3935 257 4000 Hostibus
275 3950 305 3999 et
321 3942 403 4021 pacis
418 3942 555 4006 concedit
577 3963 703 4006 munera
723 3944 828 4022 pacis,
877 3995 881 4008 .

112 4037 254 4112 Gaudens
273 4061 354 4103 nunc
378 4061 517 4124 proceres
532 4062 654 4108 securos
679 4040 772 4106 fidere
795 4043 876 4118 vita,
