2909 4717
268 197 365 259 1le
689 189 745 261 DE
773 183 917 249 PETRO.

271 345 424 429 impellere
436 346 567 430 potuerit
582 341 622 403 ad
644 339 801 402 scribenda
818 358 896 421 quae
910 382 920 415 ,
934 346 969 397 ut
988 336 1114 417 quisque
1131 331 1276 414 prolixius
1304 340 1386 391 eut

270 447 394 509 brevius
412 457 532 504 narrata
543 452 710 525 quaereret,
722 440 814 521 vulgo
836 438 1074 499 inveniebantur.
1118 435 1188 495 Non
1202 442 1322 491 tamen
1354 448 1382 487 a

271 535 394 605 Tiberio
404 546 560 625 incepisse,
570 576 609 587 -
621 540 652 600 id
666 540 746 622 quod
757 560 812 620 per
821 560 852 599 se
862 538 946 599 omni
955 545 1071 597 caneret
1081 530 1384 615 probabilitate,-

273 644 324 705 sed
339 647 397 703 iam
411 643 449 703 de
462 643 617 725 Augusto,
643 641 925 719 Triumviratusque
939 648 1072 717 tempore
1085 636 1196 715 egisse,
1217 627 1383 711 probant

274 744 439 825 fragmenta
459 764 536 823 quae
551 743 582 801 in
598 738 699 800 libello
709 738 901 820 Seguieriano
919 735 956 795 de
975 739 1090 817 syntaxi
1104 738 1205 800 inveni
1222 737 1279 815 δ’).
1313 733 1379 793 Ex

274 844 323 906 his
333 842 459 903 alterum
477 842 693 923 apudDionem
702 840 836 900 Cassium
844 837 947 900 iisdem
962 861 1054 922 prope
1066 842 1165 902 verbis
1181 841 1378 925 legitur³⁵),
1415 824 1418 833 ¹

275 944 358 1026 quod
384 943 422 1003 de
445 943 482 1002 ir.
507 942 537 1021 4.
564 944 594 1004 5.
617 962 649 1022 p.
678 941 747 1000 123.
766 939 815 1001 ed.
838 941 884 1017 R,
903 938 1011 1001 collata
1032 940 1121 1024 legat·
1141 942 1208 1005 Lll.
1222 964 1256 1022 p.
1277 941 1379 1021 4οι.

276 1044 395 1121 Ursini,
416 1043 587 1102 observavit
608 1039 762 1100 Valesius:
785 1039 865 1099 unde
886 1043 1057 1100 coniectura
1079 1052 1160 1101 certa
1178 1032 1276 1101 o'ritur
1297 1042 1377 1102 Pe-

275 1154 359 1203 trum
375 1141 450 1204 nihil
471 1142 556 1201 aliud
573 1162 665 1222 quam
684 1140 791 1200 Dionis
810 1139 994 1201 breviarium
1019 1139 1178 1200 confecisse
1200 1150 1379 1222 quatenus

276 1242 366 1302 huius
378 1242 501 1303 historia
511 1251 636 1323 pateret.
660 1240 724 1299 lam
740 1259 813 1299 vero
825 1260 919 1319 qaum
936 1240 1127 1301 continuator
1133 1241 1251 1317 Dionis,
1266 1241 1377 1301 cuius

277 1341 393 1423 eclogas
417 1340 460 1401 ill.
477 1345 574 1401 Maius
591 1343 623 1400 in
643 1339 731 1401 titulo
751 1338 789 1401 de
802 1339 954 1401 sententiis
969 1340 1103 1415 invenit,
1124 1351 1272 1420 quantum
1286 1360 1377 1420 spa·
1424 1388 1425 1391 η

276 1444 319 1501 tia
341 1442 439 1501 metiri
460 1439 546 1512 licet,
568 1461 630 1500 non
656 1438 786 1499 multam
808 1439 886 1499 insra
909 1438 1139 1498 Constantinum
1160 1441 1204 1499 M.
1229 1440 1375 1500 descen-

278 1541 377 1619 derit,
399 1562 460 1600 non
483 1542 641 1601 temerarie
659 1538 856 1605 hariolatione
872 1539 946 1599 mihi
966 1539 1100 1620 persuasi
1123 1559 1194 1598 eum
1223 1558 1290 1597 non
1318 1538 1378 1598 di-

279 1661 401 1700 versam
416 1662 433 1700 a
449 1640 542 1701 Petro
556 1662 640 1701 esse:
663 1639 808 1721 adquam
827 1639 1004 1699 firmandam
1024 1636 1162 1698 nonnihil
1179 1636 1371 1711 accederet,

278 1741 303 1799 si
337 1738 525 1820 exploratum
553 1749 629 1799 esset
664 1748 880 1820 impenatorurn
905 1739 1026 1797 nomina
1053 1737 1164 1818 quibus
1189 1737 1246 1795 ista
1275 1736 1375 1817 apud

279 1839 395 1899 illaiom
411 1858 465 1917 pro
487 1836 635 1896 lemmatis
664 1837 889 1918 distinguuntur
910 1839 941 1897 in
962 1836 1065 1896 codice
1088 1836 1130 1895 sic
1153 1836 1249 1916 posita
1273 1856 1371 1895 esse:

281 1942 353 1997 n'am
370 1935 475 1995 eadem
491 1936 607 1996 ratione
629 1940 840 2014 grammaticus
864 1934 914 1997 ille
935 1938 987 2017 qui
1011 1934 1048 1994 de
1078 1935 1193 2016 syntaxi
1219 1934 1371 2014 scripsit,

228 2054 230 2057 ·
280 2035 366 2095 Petri
392 2054 468 2112 opus
500 2036 532 2091 in
558 2042 657 2114 partes
683 2032 858 2092 distinctum
891 2034 1034 2094 invenit:
1062 2044 1144 2094 certe
1168 2054 1232 2093 non
1266 2031 1374 2093 libro-

192 2192 195 2197 ,
282 2153 351 2199 rum
368 2133 524 2207 numeris3
545 2152 640 2213 quos,
656 2143 691 2190 ut
712 2150 828 2213 semper
850 2131 943 2209 alias,
966 2134 1123 2213 posuisset.

367 2231 528 2293 Praeterea
547 2231 627 2291 idem
649 2231 757 2292 Suidas
778 2232 870 2292 Petro
890 2252 964 2312 opus
988 2226 1062 2311 περὶ
1086 2229 1244 2313 πολιτικῆς
1266 2252 1371 2292 κατοι-

286 2323 426 2401 στάσεως
457 2323 619 2390 adscribit:
643 2330 725 2412 quod
752 2330 795 2390 ill.
824 2332 923 2391 Maius
950 2329 1018 2391 illos
1041 2333 1184 2412 anonymi
1209 2332 1371 2413 scriptoris

286 2429 324 2513 de
342 2452 376 2490 re
396 2427 517 2511 publice
537 2429 670 2512 dialogos
692 2451 756 2490 esse
768 2431 891 2491 coniicit
915 2450 1047 2512 quorum
1067 2429 1194 2491 Photius
1220 2430 1290 2491 cod.
1311 2432 1364 2513 δ’).

285 2531 438 2607 meminit,
456 2532 519 2611 ipse
541 2539 642 2590 autem
663 2550 680 2589 e
698 2529 890 2610 palimpsesto
898 2529 1046 2589 Vaticano
1062 2530 1162 2611 ampla
1176 2530 1270 2590 edidit
1285 2531 1370 2612 frag-

286 2640 387 2689 menta
403 2623 476 2707 napi
494 2628 649 2709 πολιτικῆς
664 2622 834 2709 ἐπιστήμης
854 2629 1004 2711 inscripta.
1046 2629 1196 2712 Equidem
1212 2631 1367 2713 inscripti-

289 2731 355 2788 onis
383 2726 588 2787 diversitatem
613 2730 769 2802 omittam,
797 2750 895 2810 neque
919 2729 1035 2811 negabo
1054 2728 1146 2790 Petro
1172 2729 1291 2811 placere
1309 2752 1366 2812 po-

287 2829 381 2891 tuisse
400 2837 435 2886 ut
454 2826 548 2887 libros
562 2828 626 2887 sine
644 2832 765 2890 nomine
782 2828 901 2890 ederet:
928 2839 1060 2889 attamen
1079 2831 1129 2889 vix
1152 2829 1297 2890 credibile
1318 2830 1364 2889 vi·

289 2927 378 2986 detur
405 2948 470 2989 rem
496 2926 606 2987 suidas
636 2939 822 3009 compertam
853 2929 941 2993 docto
967 2931 1144 3010 curiosoque
1168 2928 1276 2991 Photio
1303 2948 1366 2988 non

291 3028 479 3114 innotuisse3
503 3038 556 3086 eut
577 3028 845 3105 contra,Suida1n
872 3026 990 3089 silentio
1021 3029 1172 3089 transiisse
1193 3026 1268 3088 illud
1290 3046 1364 3108 opus

291 3147 352 3206 quo
381 3125 490 3186 Petrus
513 3126 600 3207 Lydo
620 3138 695 3187 teste
717 3127 756 3187 de
775 3129 945 3209 magisterio
964 3126 1131 3188 officiorum
1154 3130 1289 3209 exposuit
1303 3125 1362 3204 ³⁶)=

291 3245 386 3305 quum
399 3223 429 3285 id
436 3236 536 3294 tamen
550 3229 581 3287 in
593 3225 753 3287 hominum
767 3227 905 3293 manibus
919 3237 1089 3289 versaretur
1101 3226 1217 3287 decimo
1235 3224 1360 3288 saeculo.

310 3425 356 3493 34)
376 3425 411 3479 Eo
429 3425 518 3491 posita
535 3420 599 3475 ‘sunt
619 3425 690 3477 inire
704 3440 730 3491 p.
747 3425 802 3478 136.
819 3468 822 3474 ,
864 3424 909 3492 35)
926 3423 1034 3476 Petrus:
1056 3421 1162 3475 ἀπεῖπε
1177 3430 1238 3481 τοῖς
1253 3423 1361 3492 βουλευ-

363 3500 424 3550 ιιιῖς
441 3492 575 3562 ἐκδημεῖν
591 3493 643 3554 ἔξω
661 3493 785 3550 Ἰταλίας.
821 3493 1288 3565 D10L11·l¹·p·693·³i·0d·ss·
1316 3492 1362 3545 sal

363 3571 544 3628 προσοπεῖπε
562 3565 591 3631 (1.
608 3567 656 3615 καὶ
673 3554 747 3632 πρὸς
765 3563 881 3634 ἄπειπε)
901 3567 975 3614 πᾶσι
1003 3572 1063 3620 τοῖς
1078 3563 1245 3630 βουλεύουσι
1261 3553 1297 3634 μὴ
1314 3565 1359 3615 lx-

363 3631 464 3702 dqpstr
488 3634 539 3693 ἔξω
564 3637 611 3697 τῆς
633 3636 762 3691 Ἰταλίας.
799 3635 877 3687 Hunc
894 3635 983 3686 locum
1001 3633 1160 3687 adiumento
1186 3633 1282 3687 indicis
1301 3632 1361 3686 llei-

362 3702 477 3754 moriani
499 3704 626 3773 indagare
662 3704 779 3765 otui3‘is
797 3706 845 3776 qui
865 3705 945 3757 alteri
962 3706 1112 3773 fragmento
1132 3705 1293 3773 respondet,
1310 3702 1360 3755 nisi

363 3790 426 3824 casu
444 3773 561 3836 oblatas,
578 3721 659 3826 haud
669 3775 750 3827 facile
768 3776 930 3827 invenietur.
966 3776 1073 3843 Quintus
1092 3777 1164 3825 enlm
1175 3773 1358 3846 qnisquendco

362 3842 530 3906 indefessus,
548 3846 660 3915 otioque
677 3847 823 3897 instructus
846 3854 887 3897 est
895 3883 905 3909 ,
921 3852 953 3896 ut
971 3854 1088 3914 qiietuor
1104 3846 1235 3896 vocabula
1257 3863 1302 3916 por
1322 3849 1360 3894 tot

326 3942 337 3965 s
363 3914 449 3966 libros
467 3931 597 3982 quaerere
615 3917 769 3975 sustineat?
786 3932 870 3984 qrium
888 3935 923 3968 ne
942 3916 1009 3968 illud
1031 3916 1359 3986 quidcmoonstetcertum

364 4001 423 4041 esse
448 3986 559 4043 Antonii
577 4004 694 4049 nomen,
718 4003 773 4038 non
792 4003 882 4041 errore
900 3986 1017 4059 positum
1039 4002 1087 4055 pro
1107 3986 1246 4039 Antonini.
1278 3982 1356 4039 Verbo

364 4058 474 4128 quidem
492 4056 637 4113 θωπεύειν
658 4072 741 4135 saepe
759 4059 848 4112 utitur
866 4060 927 4112 Dio.
1002 4057 1048 4128 36)
1066 4056 1141 4116 lnsra
1158 4059 1188 4113 iu
1206 4064 1264 4113 test
