2909 4717
520 171 759 237 PRAEFATIO.
1132 177 1175 241 xt

160 325 214 379 ilie
242 327 360 397 peractis
385 322 544 397 typothetae
562 344 630 399 opus
646 328 719 382 hedi
735 332 858 399 poterat,
874 328 929 383 niei
941 344 1053 386 nomm
1071 332 1175 387 acreio·

85 432 133 482 nie
160 430 266 484 latinae
289 445 358 484 onoc
385 429 565 485 incumberet.
601 430 684 503 Quod
709 450 793 507 quum
817 432 956 505 depellere
978 451 1036 489 nou
1060 436 1172 503 liceret,

87 534 335 596 Caratoelarauam³
362 548 415 603 qua
433 534 555 603 peiorem
573 533 678 589 nnllam
694 535 724 589 in
740 538 865 591 onleerao
883 536 936 591 boe
951 539 1105 595 litterarum
1126 551 1174 613 poi

89 652 160 691 nere
184 620 304 689 inueniri
327 638 357 691 iu
382 637 476 707 vulgae
501 644 596 693 notum
621 644 680 703 ert,
702 641 762 695 eine
787 642 1026 711 operia‚dedecore
1044 644 1174 699 intaetm

91 740 197 793 seruari
217 756 274 793 non
290 756 369 810 poree
389 740 554 812 apparebat:
573 756 665 794 uerum
686 744 734 814 qui
751 760 781 797 ae
793 747 901 817 ingrato
912 746 1065 818 corrigendi
1083 747 1175 803 laboti

92 842 190 907 daret,
218 843 390 897 inveniebam
414 847 570 915 neibiuem3
594 846 648 901 uiri
669 846 817 912 Claeeeno,
846 866 1010 921 quamquam
1034 852 1175 905 continuio

93 950 324 1019 occupationibue
341 949 486 1021 implicito,
503 951 601 1021 pictae,
620 968 674 1023 qua
690 969 736 1006 me
752 954 875 1022 parentia
892 952 953 1007 loeo
969 954 1047 1019 colit,
1061 971 1177 1028 perena·

92 1056 182 1107 uincet.
219 1054 253 1105 ln
271 1069 325 1125 quo
344 1036 456 1125 negotio
475 1063 607 1127 quantum
625 1056 709 1111 taedii
728 1050 944 1111 abaorimdom
967 1058 1072 1121 tuerit,
1089 1074 1175 1113 vneate
1266 1121 1270 1125 ,

94 1161 149 1211 ulai
178 1162 309 1229 exportat
338 1159 429 1213 animo
455 1162 610 1231 concipiet:
638 1160 710 1241 illud
741 1169 833 1214 autem
861 1162 1081 1215 moleetiaaimuan
1101 1167 1177 1226 erat,

96 1260 171 1335 quod
187 1260 306 1315 aublatia
323 1262 474 1317 innumeria
494 1263 570 1317 uitiia
590 1271 681 1317 tuanen
698 1261 728 1315 hl
745 1263 834 1318 colam
852 1264 948 1333 perlici
968 1272 1077 1335 poterat
1104 1272 1138 1318 ut
1161 1281 1178 1317 a

97 1363 264 1419 loediecimie
301 1365 428 1423 teretibus
459 1366 624 1422 liberaretur
658 1367 770 1422 oratio:
796 1366 827 1419 id
854 1368 985 1433 minime,
1018 1375 1053 1421 ut
1081 1370 1177 1441 pulcra

98 1468 190 1533 deret,
217 1475 348 1539 grataque
366 1469 526 1541 legentibue.
563 1467 638 1525 idom
658 1468 803 1523 Clameuoa
818 1485 896 1525 meua
921 1470 1074 1541 comploret
1096 1472 1178 1542 prae}
1211 1534 1215 1540 .

99 1571 167 1625 clarc
183 1570 351 1641 excogitatae
369 1572 573 1627 emendatiouee
597 1570 795 1640 cuppeditauit3
821 1573 989 1642 singulorum
1013 1573 1180 1642 aeciptoruca

99 1674 224 1747 reliquiia
242 1684 400 1745 argumenta
419 1676 551 1741 addidit,
571 1673 814 1743 chronographiam
831 1675 967 1743 excerptio
984 1674 1020 1728 de
1035 1676 1181 1730 cententtia

100 1797 132 1833 ea
146 1780 274 1849 Enuapio
293 1786 323 1831 et
337 1778 505 1833 Menandro:
523 1776 694 1849 indicetque,
716 1777 833 1847 inquot
860 1776 1035 1830 utiltaeimam
1057 1776 1180 1833 laborem

100 1883 258 1955 incompeit‚
277 1883 413 1950 coniecit3
429 1890 462 1936 ut
478 1882 580 1935 leviora
600 1880 654 1933 aliu
671 1880 813 1943 omittam,
835 1895 908 1951 quae
931 1880 962 1935 in
978 1881 1036 1935 boo
1052 1882 1181 1937 uolumen

28 2004 29 2037 t
103 1987 221 2040 cuntulit.
259 1986 340 2057 Quae
356 1986 539 2039 consideranti
560 1982 704 2055 apparebit
721 1982 803 2055 longe
829 1986 1049 2055 opeaoaiaaimnm
1073 1986 1134 2042 eiua
1150 1986 1182 2041 la

102 2106 132 2143 eo
149 2088 272 2145 ornando
289 2090 374 2145 [uitae
391 2088 520 2143 laborem.

167 2194 299 2263 Superest
316 2200 346 2245 ut
364 2190 398 2245 dc
412 2192 581 2263 panegyricis
600 2194 743 2248 Anactorio
756 2192 847 2260 dietis,
865 2211 936 2267 quoa
956 2201 1095 2267 peatrem
1115 2193 1179 2249 toea

99 2297 198 2361 adieci,
215 2313 285 2368 qaae
295 2296 351 2351 huc
368 2296 512 2367 pertinent
523 2296 642 2351 doceam.
669 2296 802 2353 Oratione
815 2299 940 2370 Procopii
955 2297 1056 2353 Gaaaei
1066 2296 1181 2370 reliquie

28 2456 29 2471 χ
99 2402 281 2458 monumentis
306 2416 377 2472 quae
393 2399 439 2453 bic
450 2401 572 2455 'collecta
588 2408 697 2454 caataut
714 2400 907 2473 adiungenda,
930 2402 1102 2457 eruditorum
1120 2418 1182 2474 gra·

100 2507 166 2558 tiam
182 2519 227 2557 me
251 2506 385 2559 meraieee
402 2514 477 2559 certe
494 2506 575 2570 acio,‘
597 2505 646 2576 qni
664 2516 724 2559 eam
741 2506 827 2559 temet
842 2513 951 2559 mntem
969 2506 999 2559 in
1014 2506 1180 2561 Villoiaonia

100 2608 296 2663 anecdotorum
317 2607 481 2665 collectione
508 2606 610 2663 editam
629 2624 688 2663 ecee
705 2618 825 2663 norunt:
850 2616 954 2682 quotue
969 2609 1045 2664 enim
1063 2596 1182 2681 quiaque

101 2714 128 2765 iu
147 2713 294 2767 Germania
318 2712 396 2765 illam
420 2710 561 2782 potaidet?
596 2711 657 2767 hlee
682 2728 767 2784 opera
787 2712 820 2765 in
841 2713 919 2767 illine
942 2714 1109 2783 repetitione
1125 2728 1183 2767 aon

101 2816 208 2887 longina
227 2817 360 2887 proceeait
377 2832 459 2888 qnam
477 2823 511 2869 nt
528 2815 646 2871 cubiade
671 2815 774 2871 codicia
789 2816 938 2871 lectionem
958 2834 975 2870 a
997 2819 1058 2871 uiro
1075 2818 1183 2887 egregio

102 2918 255 2975 Villoieone
262 2921 431 2975 immutatam
442 2936 613 2975 revocarem:
632 2921 758 2975 eeraione
775 2920 871 2984 indua,
887 2928 1104 2993 argumentoque
1121 2934 1183 2973 eam

103 3022 232 3076 imtauait
248 3038 318 3077 ame
335 3032 444 3096 rogetur
462 3026 557 3079 Fronc
575 3023 714 3089 diderat,
735 3023 803 3077 Phil.
822 3025 855 3077 D.
874 3024 924 3096 qui
941 3026 1100 3095 nuperrime
1115 3040 1183 3095 ope·

28 3108 29 3151 l
106 3128 256 3195 ramssanam
278 3125 314 3180 ad
335 3128 510 3200 explicandae
534 3128 564 3181 iu
589 3127 642 3181 hac
657 3130 812 3183 litterarum
824 3128 1005 3183 calamitate
1021 3128 1183 3200 dlrciplinaa

103 3228 284 3302 philologicos
304 3231 426 3302 profiteri
447 3231 552 3287 statuit.
588 3232 708 3286 Editoria
731 3233 925 3287 annotationea
943 3247 1014 3305 quae
1031 3231 1067 3284 ad
1092 3232 1182 3303 expli·

28 3382 29 3411 χ
103 3334 199 3389 eandaa
217 3350 261 3389 rea
281 3335 417 3392 dnaeteali
443 3344 552 3391 tantum
570 3337 733 3401 conferunt,
759 3344 793 3389 nt
809 3336 854 3388 rel
871 3334 907 3387 ad
924 3336 1042 3389 latinum
1061 3337 1182 3407 Panegy-

28 3500 29 3503 Ἰ
104 3440 186 3493 rhum
208 3440 447 3511 interpretandum
470 3440 672 3513 quodammodo
695 3439 819 3493 enificere
838 3439 963 3510 peretot,
985 3440 1044 3495 lere
1066 3441 1186 3513 integrat

103 3544 220 3614 repetite
238 3560 295 3616 quo
312 3545 427 3599 coneilio
444 3542 533 3599 henot
557 3542 677 3598 habetur
693 3543 820 3597 manibue
839 3543 1023 3597 Villoieoniac
1048 3560 1140 3617 neque
1157 3546 1186 3597 el

103 3646 213 3702 aliunde
230 3647 289 3702 ulla
305 3647 434 3703 obatabat
450 3650 540 3713 ratio,
559 3649 686 3702 extinctio
705 3647 809 3702 dudum
837 3654 867 3701 et
887 3648 1020 3727 acriptore
1036 3654 1066 3701 et
1080 3646 1188 3701 biblio·

103 3752 240 3820 pobrnm,
258 3766 376 3823 quorum
393 3753 546 3825 anmptibue
569 3751 710 3807 tremata
728 3752 804 3807 edita
826 3759 905 3818 aaut,
930 3728 1050 3825 negotio.
1086 3751 1188 3804 Contra

103 3864 192 3911 autem
208 3857 325 3911 minime
344 3856 428 3913 licere
446 3859 535 3913 alaone
552 3866 594 3913 eat
609 3860 639 3911 ln
660 3874 739 3911 eneae
761 3856 893 3911 editionis
912 3862 1103 3912 ornamentum
1120 3866 1188 3906 con-

104 3968 221 4025 vertere,
239 3978 312 4033 qaae
330 3961 371 4013 ill
387 3962 477 4016 hlaine
494 3960 531 4017 ud
546 3964 669 4033 eclogae,
685 3970 736 4015 eut
750 3960 915 4028 Endlicber,
942 3979 967 4016 r.
992 3960 1026 4013 cl.
1044 3956 1080 4011 ad
1099 3972 1187 4029 pane·

104 4064 220 4131 uticum
227 4064 379 4133 Princiaui,
400 4082 498 4138 quem,
518 4066 567 4121 din
585 4081 601 4118 a
618 4064 768 4139 philologia
786 4066 939 4139 expetitum
958 4061 1060 4135 quibua
1073 4076 1140 4117 eum
1157 4064 1189 4118 in
