2909 4717
288 294 357 356 rvr
545 370 549 381 ι
698 290 753 351 os
780 254 968 353 orarem.

273 440 361 507 'loris
380 441 572 526 primordiis,
586 452 682 524 usque
698 440 739 501 ud
758 439 877 504 Claudii
892 440 1015 504 Gothici
1033 464 1148 507 annum
1168 445 1309 526 primum
1328 444 1397 507 de·

290 543 395 621 ducti,
425 545 587 626 praecipue
614 543 694 602 circu
723 551 896 622 temporum
932 543 1080 604 rationem
1111 565 1184 605 cura
1217 544 1394 606 adhibita.

290 642 411 704 Honun
432 642 627 703 duodecimus
642 640 720 705 liber
739 662 758 701 a
776 640 928 722 Stephano
951 642 1186 725 etbnicographo
1203 644 1392 724 citatur-⁹);

290 741 344 802 ubi
375 741 559 821 Hortulorum
580 742 693 801 mentio
720 740 883 801 certissime
912 743 1088 824 comprobet
1118 738 1219 803 locum
1244 744 1289 805 de
1317 766 1394 827 quo

290 841 390 923 Qitur
406 862 469 902 non
483 839 613 905 multum
627 839 666 899 ab
679 842 777 921 operis
790 839 852 901 lino
864 839 994 902 afuisse:
1011 848 1128 902 constat
1138 844 1229 925 igitur
1240 843 1395 924 scripto·

289 958 354 1003 rem
368 940 416 1001 his
428 940 588 1002 duodecim
603 938 740 1018 „chartis
753 960 843 1003 omne
863 960 972 1001 aevum
986 940 1188 1023 explicuisse.”
1219 942 1269 1002 Ex
1293 941 1393 1003 hisce

289 1034 449 1100 annalibus
463 1036 636 1121 syncellum
653 1058 850 1127 quaerunque
873 1024 1041 1123 eDexippo
1064 1038 1156 1101 habet
1175 1042 1305 1122 petiisse
1331 1063 1392 1102 ar-

287 1137 403 1200 bitror:
426 1149 458 1199 at
478 1138 727 1223 Constantiniana
748 1148 887 1220 excerpta
909 1138 970 1200 illis
1001 1160 1124 1222 prorsus
1149 1138 1247 1200 aliena
1278 1144 1388 1201 sunt:

288 1256 395 1320 neque
413 1240 492 1300 enim
523 1237 652 1350 prolixas
675 1238 826 1299 orationes
849 1252 955 1319 capere
984 1241 1130 1319 potuisset
1152 1238 1389 1321 breviloquens

286 1336 440 1398 annalium
469 1338 570 1413 ratic,
597 1337 649 1417 qui
674 1335 739 1397 sere
770 1334 894 1419 singulis
925 1326 1012 1396 librili
1043 1336 1196 1398 saeculum
1228 1358 1388 1419 compre-

286 1434 479 1513 hendebant3
499 1435 589 1497 unde
599 1433 770 1496 Trebellius
789 1432 887 1499 Pollio
900 1416 1119 1518 ¹⁰)Dexippum
1138 1438 1242 1497 omnia
1273 1437 1387 1497 bruvi-

285 1546 331 1595 ter
343 1547 547 1621 percuperem
566 1556 645 1613 esse,
666 1534 793 1616 scripsit.

333 1635 426 1694 ¹111.
467 1635 530 1695 Has
552 1636 645 1727 igitur
665 1633 782 1729 eclogas
801 1634 840 1695 de
860 1634 1058 1718 legationibus
1077 1633 1117 1695 ad
1133 1629 1282 1695 Σνυθικὰ
1305 1658 1384 1718 per-

284 1735 381 1794 tincte
407 1735 467 1794 iam
495 1734 619 1795 Vossius
645 1735 795 1816 perspexit
814 1736 873 1810 ¹¹):
906 1733 1070 1815 eademque
1098 1754 1202 1794 earum
1222 1737 1310 1795 ratio
1334 1748 1385 1797 est

283 1853 381 1925 quas
389 1853 424 1892 ex
447 1829 537 1892 titulo
558 1830 596 1890 de
616 1833 772 1895 sententiis
800 1832 894 1893 edidit
914 1830 961 1893 ill.
992 1833 1102 1892 Maius.
1144 1826 1315 1909 Σκυθικὰ,
1339 1835 1383 1895 de

283 1931 359 1991 bello
387 1929 523 2008 Scythico
542 1938 660 1989 vertere
689 1929 863 2006 debebam3
890 1934 1034 2010 quoniam
1062 1928 1140 1990 illud
1165 1929 1382 2013 intelligitur,

283 2028 387 2111 quod,
408 2037 548 2108 coeptum
568 2025 626 2087 sub
646 2026 760 2098 Decio,
781 2046 878 2108 usque
890 2026 930 2085 ad
940 2026 1097 2088 Aureliani
1111 2048 1217 2108 pacem
1233 2028 1378 2090 duravit.

284 2126 388 2209 Atque
406 2125 457 2186 hic
478 2124 601 2207 quidem
621 2125 727 2185 leviter
741 2127 822 2185 circa
841 2123 935 2186 verba
947 2123 1047 2206 lapsus
1060 2146 1147 2204 sum3
1162 2127 1193 2185 in
1208 2147 1247 2186 eo
1263 2147 1379 2189 vereor

282 2246 323 2286 ne
342 2226 463 2306 gravius
482 2222 666 2301 erraverim,
689 2222 774 2304 quod
794 2244 872 2305 quae
885 2244 944 2305 ap.
957 2244 1006 2283 aa.
1021 2222 1043 2282 l.
1060 2244 1108 2283 no.
1122 2222 1160 2283 ad
1174 2245 1206 2305 p.
1223 2224 1278 2287 26.
1300 2225 1324 2286 l.
1344 2226 1374 2306 d

282 2324 454 2401 habentur,
474 2324 610 2404 Dexippo
631 2324 688 2404 ipsi
714 2322 902 2396 tribuerem,
926 2325 1012 2405 quasi
1032 2322 1200 2382 orationem
1229 2324 1272 2384 ad
1292 2326 1374 2386 cives

282 2445 355 2489 suos
376 2423 530 2499 habitam,
557 2425 610 2504 qui
630 2423 792 2483 temerario
822 2422 949 2483 consilio
973 2425 1069 2483 muris
1097 2421 1198 2503 egredi
1215 2433 1263 2485 ,ct
1302 2445 1371 2484 cum

281 2522 419 2585 hostibus
438 2520 597 2605 confligere
615 2532 772 2604 cuperent.
813 2522 884 2583 Non
890 2521 1085 2583 attenderam
1103 2519 1149 2581 ill.
1171 2521 1249 2582 Maii
1272 2525 1371 2605 opini-

281 2623 432 2701 onem12),
444 2620 706 2719 epistolamesse·
719 2621 768 2682 cui
785 2632 819 2682 ut
832 2620 947 2704 aliquid
957 2621 1074 2696 demeo
1087 2620 1242 2701 adiiciam,
1256 2621 1366 2696 dicam,

272 2732 300 2782 ἰ
310 2722 497 2804 magistratu
507 2721 644 2781 Romano
661 2720 784 2782 missam
806 2722 926 2784 videri.
942 2722 1004 2782 imo
1024 2719 1092 2781 ab
1085 2741 1148 2802 ipso
1164 2719 1294 2782 fortusse
1307 2722 1368 2781 lm-

280 2832 440 2988 peratore.
462 2814 532 2882 eum
554 2841 587 2881 se
601 2843 672 2881 cum
692 2824 788 2904 copiis
810 2843 879 2883 mor
903 2820 1069 2882 affuturum
1083 2822 1231 2883 nunciare
1255 2823 1296 2903 (p
1311 2817 1361 2883 25

280 2921 498 3005 l17.seqq.):
525 2920 694 3003 lectusque
723 2943 787 2983 esse
822 2922 853 2982 in
877 2923 1023 2983 concione
1044 2924 1084 3003 (p.
1106 2921 1195 2984 22.1.
1221 2920 1278 3003 18.)
1320 2921 1365 2979 De

280 3020 351 3094 luis,
376 3021 401 3082 si
416 3021 494 3082 forte
507 3020 669 3103 aliquando
687 3021 800 3084 codicis
812 3023 922 3104 papa
940 3020 1012 3101 324.
1027 3021 1144 3105 plenim
1162 3041 1180 3082 e
1195 3020 1286 3081 litura
1298 3020 1361 3080 erui

244 3110 247 3115 Δ
279 3122 431 3205 potuerit,
452 3120 567 3203 liquido
584 3121 754 3183 constabit:
780 3141 814 3182 sc
832 3132 907 3183 tunc
923 3120 1049 3182 fortasse
1061 3119 1236 3203 expedietur
1251 3119 1289 3180 de
1303 3138 1361 3200 quo

278 3223 402 3284 tandem
411 3224 524 3306 oppido
534 3222 704 3305 quibusque
715 3223 834 3284 civibus
843 3244 942 3283 sermo
957 3224 1008 3285 sit.
1026 3223 1115 3282 Nunc
1130 3221 1160 3280 in
1175 3221 1206 3280 id
1218 3221 1372 3280 sententia·

280 3322 408 3384 inclinat
433 3330 471 3399 β
491 3323 567 3385 haec
591 3323 631 3384 sd
653 3324 786 3404 primum
805 3322 977 3383 Gothorum
997 3321 1162 3382 adventurn
1185 3320 1243 3381 sub
1268 3319 1357 3381 Decio

279 3414 430 3504 pertinere
449 3422 588 3501 credam,
606 3423 692 3484 cuius
713 3443 824 3483 nomen
846 3424 879 3482 in
897 3421 1068 3483 oblitterata
1091 3417 1143 3481 illa
1168 3420 1273 3503 pagina
1288 3437 1355 3477 cou-

279 3523 425 3604 spicitur3
454 3522 487 3584 id
504 3523 588 3605 quod
605 3544 643 3585 eo
661 3522 834 3584 confirmari
854 3521 975 3583 videtur
994 3521 1076 3603 quod
1089 3520 1127 3580 dc
1143 3520 1233 3580 rebus
1251 3517 1288 3578 ad
1303 3515 1354 3575 Ni-

278 3620 411 3702 copolim
428 3622 560 3683 Moesiae
580 3624 669 3706 gestis
691 3623 805 3685 mentio
827 3622 969 3682 inlicitur
987 3620 1091 3702 (pai.
1120 3619 1143 3679 l.
1161 3640 1210 3684 aa.
1226 3617 1263 3682 ci
1280 3616 1352 3699 Syn·
1398 3622 1404 3631 “

279 3720 389 3781 cellum
402 3740 433 3803 p.
441 3722 508 3805 705.
521 3720 543 3788 l.
562 3725 629 3803 rm).
672 3724 764 3801 Quod
781 3723 805 3783 si
825 3724 868 3783 ita
885 3724 944 3799 sit,
967 3718 1233 3803 Philippopoliteni
1248 3716 1352 3778 suerint

278 3820 431 3902 oppidani·
452 3842 471 3882 a
498 3821 634 3883 barbaris
661 3822 858 3889 circumsessi.
911 3822 981 3881 Non
1003 3831 1105 3880 tamen
1143 3816 1284 3879 silendum
1307 3819 1348 3871 est

279 3920 369 3981 etiam
391 3922 448 3982 sub
469 3921 596 3982 Claudio
619 3921 698 4006 Aug.
719 3923 758 3983 ad
780 3918 952 4003 Nicopolim
965 3942 1108 4005 prospere
1123 3920 1262 3980 adversus
1283 3913 1347 3973 bar·

300 4119 329 4188 9)
349 4137 367 4169 ι.
387 4136 411 4177 v.
427 4119 567 4188 'Etoupoc
625 4120 669 4177 rol
687 4121 817 4179 Gordian,
827 4138 851 4176 o.
908 4121 950 4185 ιι)
969 4122 1009 4174 Dc
1030 4119 1125 4174 histor.
1143 4115 1233 4170 Graec.
1251 4129 1276 4182 p.
1292 4106 1342 4175 alt·

348 4190 491 4261 12)Prscl.
510 4194 545 4247 »sl
564 4192 625 4246 coll.
647 4194 733 4247 Velie.
754 4193 785 4244 ll.
805 4190 955 4261 pxxvtlt.
