<?xml version="1.0" encoding="UTF-8"?>
<!DOCTYPE html PUBLIC "-//W3C//DTD XHTML 1.0 Transitional//EN"
    "http://www.w3.org/TR/xhtml1/DTD/xhtml1-transitional.dtd">
<html xmlns="http://www.w3.org/1999/xhtml" xml:lang="en" lang="en">
 <head>
  <title>
</title>
<meta http-equiv="Content-Type" content="text/html;charset=utf-8" />
  <meta name='ocr-system' content='tesseract 3.04.00' />
  <meta name='ocr-capabilities' content='ocr_page ocr_carea ocr_par ocr_line ocrx_word'/>
</head>
<body>
  <div class='ocr_page' id='page_1' title='image "./corpusscriptoru29niebgoog/corpusscriptoru29niebgoog_0618.png"; bbox 0 0 2909 4717; ppageno 0'>
   <div class='ocr_carea' id='block_1_1' title="bbox 307 223 1408 484">
    <p class='ocr_par' dir='ltr' id='par_1_1' title="bbox 307 223 1408 484">
     <span class='ocr_line' id='line_1_1' title="bbox 310 223 1097 320; baseline -0.025 1"><span class='ocrx_word' id='word_1_1' title='bbox 310 223 391 320; x_wconf 66' lang='lat'>562</span> <span class='ocrx_word' id='word_1_2' title='bbox 592 242 764 309; x_wconf 78' lang='lat' dir='ltr'>rammi</span> <span class='ocrx_word' id='word_1_3' title='bbox 793 237 931 306; x_wconf 83' lang='lat' dir='ltr'>manu</span> <span class='ocrx_word' id='word_1_4' title='bbox 959 235 1097 303; x_wconf 82' lang='lat' dir='ltr'>noma</span> 
     </span>
     <span class='ocr_line' id='line_1_2' title="bbox 307 393 1408 484; baseline -0.013 -15"><span class='ocrx_word' id='word_1_5' title='bbox 307 406 412 469; x_wconf 75' lang='lat' dir='ltr'>xtdr&#39;ar</span> <span class='ocrx_word' id='word_1_6' title='bbox 436 406 516 465; x_wconf 84' lang='lat' dir='ltr'>verti</span> <span class='ocrx_word' id='word_1_7' title='bbox 543 401 649 464; x_wconf 81' lang='lat' dir='ltr'>debuit</span> <span class='ocrx_word' id='word_1_8' title='bbox 685 420 748 461; x_wconf 88' lang='lat' dir='ltr'>nnn</span> <span class='ocrx_word' id='word_1_9' title='bbox 779 400 833 484; x_wconf 73' lang='lat' dir='ltr'>piri</span> <span class='ocrx_word' id='word_1_10' title='bbox 863 399 1010 474; x_wconf 74' lang='lat' dir='ltr'>diarerat,</span> <span class='ocrx_word' id='word_1_11' title='bbox 1045 395 1098 456; x_wconf 85' lang='lat' dir='ltr'>sed</span> <span class='ocrx_word' id='word_1_12' title='bbox 1131 395 1185 480; x_wconf 77' lang='lat' dir='ltr'>qui</span> <span class='ocrx_word' id='word_1_13' title='bbox 1217 393 1408 458; x_wconf 75' lang='lat' dir='ltr'>Plocr&#39;dim</span> 
     </span>
    </p>
   </div>
   <div class='ocr_carea' id='block_1_2' title="bbox 223 476 1445 3802">
    <p class='ocr_par' dir='ltr' id='par_1_2' title="bbox 306 476 1183 561">
     <span class='ocr_line' id='line_1_3' title="bbox 306 476 1183 561; baseline -0.017 -9"><span class='ocrx_word' id='word_1_14' title='bbox 306 491 397 552; x_wconf 72' lang='lat' dir='ltr'>darie</span> <span class='ocrx_word' id='word_1_15' title='bbox 419 508 562 559; x_wconf 67' lang='lat' dir='ltr'>atrorem,</span> <span class='ocrx_word' id='word_1_16' title='bbox 585 505 665 544; x_wconf 90' lang='lat' dir='ltr'>anno</span> <span class='ocrx_word' id='word_1_17' title='bbox 687 482 799 544; x_wconf 90' lang='lat' dir='ltr'>scilicet</span> <span class='ocrx_word' id='word_1_18' title='bbox 818 481 960 542; x_wconf 89' lang='lat' dir='ltr'>dominici</span> <span class='ocrx_word' id='word_1_19' title='bbox 982 479 1089 541; x_wconf 85' lang='lat' dir='ltr'>natalis</span> <span class='ocrx_word' id='word_1_20' title='bbox 1110 476 1183 561; x_wconf 61' lang='lat'>417.</span> 
     </span>
    </p>

    <p class='ocr_par' dir='ltr' id='par_1_3' title="bbox 307 561 1405 1072">
     <span class='ocr_line' id='line_1_4' title="bbox 390 561 1405 653; baseline -0.009 -20"><span class='ocrx_word' id='word_1_21' title='bbox 390 571 468 653; x_wconf 80' lang='lat' dir='ltr'>Pag.</span> <span class='ocrx_word' id='word_1_22' title='bbox 484 569 514 632; x_wconf 85' lang='lat'>5.</span> <span class='ocrx_word' id='word_1_23' title='bbox 530 573 570 632; x_wconf 83' lang='lat' dir='ltr'>A.</span> <span class='ocrx_word' id='word_1_24' title='bbox 595 564 740 651; x_wconf 70' lang='lat'>[450,9.]</span> <span class='ocrx_word' id='word_1_25' title='bbox 763 565 973 646; x_wconf 75' lang='lat' dir='ltr'>Rhodognisro.</span> <span class='ocrx_word' id='word_1_26' title='bbox 1015 562 1117 644; x_wconf 84' lang='lat' dir='ltr'>Vulgo</span> <span class='ocrx_word' id='word_1_27' title='bbox 1137 561 1330 645; x_wconf 79' lang='lat' dir='ltr'>Radagaisns</span> <span class='ocrx_word' id='word_1_28' title='bbox 1350 573 1405 624; x_wconf 76' lang='lat' dir='ltr'>aar</span> 
     </span>
     <span class='ocr_line' id='line_1_5' title="bbox 307 647 1405 736; baseline -0.008 -20"><span class='ocrx_word' id='word_1_29' title='bbox 307 655 513 736; x_wconf 77' lang='lat' dir='ltr'>Rhadagaisus</span> <span class='ocrx_word' id='word_1_30' title='bbox 534 653 646 712; x_wconf 85' lang='lat' dir='ltr'>dicitur</span> <span class='ocrx_word' id='word_1_31' title='bbox 664 660 767 710; x_wconf 87' lang='lat' dir='ltr'>sancto</span> <span class='ocrx_word' id='word_1_32' title='bbox 779 650 963 730; x_wconf 81' lang='lat' dir='ltr'>Augustino,</span> <span class='ocrx_word' id='word_1_33' title='bbox 985 647 1134 728; x_wconf 87' lang='lat' dir='ltr'>Prospero</span> <span class='ocrx_word' id='word_1_34' title='bbox 1147 647 1292 728; x_wconf 83' lang='lat' dir='ltr'>utrique,</span> <span class='ocrx_word' id='word_1_35' title='bbox 1317 649 1405 707; x_wconf 63' lang='lat' dir='ltr'>Mai-⁶</span> 
     </span>
     <span class='ocr_line' id='line_1_6' title="bbox 308 729 1322 815; baseline -0.01 -16"><span class='ocrx_word' id='word_1_36' title='bbox 308 740 436 815; x_wconf 83' lang='lat' dir='ltr'>collino,</span> <span class='ocrx_word' id='word_1_37' title='bbox 466 735 645 797; x_wconf 90' lang='lat' dir='ltr'>Cassiodoro</span> <span class='ocrx_word' id='word_1_38' title='bbox 665 732 803 814; x_wconf 85' lang='lat' dir='ltr'>aliisque.</span> <span class='ocrx_word' id='word_1_39' title='bbox 845 731 973 792; x_wconf 80' lang='lat' dir='ltr'>Orosius</span> <span class='ocrx_word' id='word_1_40' title='bbox 992 729 1075 789; x_wconf 91' lang='lat' dir='ltr'>bunc</span> <span class='ocrx_word' id='word_1_41' title='bbox 1096 730 1232 789; x_wconf 89' lang='lat' dir='ltr'>omnium</span> <span class='ocrx_word' id='word_1_42' title='bbox 1254 733 1322 789; x_wconf 85' lang='lat' dir='ltr'>anti</span> 
     </span>
     <span class='ocr_line' id='line_1_7' title="bbox 308 752 1403 957; baseline -0.013 -75"><span class='ocrx_word' id='word_1_43' title='bbox 308 843 377 883; x_wconf 89' lang='lat' dir='ltr'>rum</span> <span class='ocrx_word' id='word_1_44' title='bbox 398 822 660 902; x_wconf 83' lang='lat' dir='ltr'>praesentiumque</span> <span class='ocrx_word' id='word_1_45' title='bbox 685 814 819 876; x_wconf 88' lang='lat' dir='ltr'>bostium</span> <span class='ocrx_word' id='word_1_46' title='bbox 840 813 929 897; x_wconf 79' lang='lat' dir='ltr'>longe</span> <span class='ocrx_word' id='word_1_47' title='bbox 961 814 1213 873; x_wconf 86' lang='lat' dir='ltr'>immanissimum</span> <span class='ocrx_word' id='word_1_48' title='bbox 1240 752 1403 957; x_wconf 41' lang='lat' dir='ltr'>alppxilhlit</span> 
     </span>
     <span class='ocr_line' id='line_1_8' title="bbox 308 897 1402 990; baseline -0.002 -27"><span class='ocrx_word' id='word_1_49' title='bbox 308 908 383 990; x_wconf 88' lang='lat' dir='ltr'>qui,</span> <span class='ocrx_word' id='word_1_50' title='bbox 412 914 448 962; x_wconf 89' lang='lat' dir='ltr'>ut</span> <span class='ocrx_word' id='word_1_51' title='bbox 477 924 543 962; x_wconf 86' lang='lat' dir='ltr'>mos</span> <span class='ocrx_word' id='word_1_52' title='bbox 573 901 732 972; x_wconf 87' lang='lat' dir='ltr'>barbaris,</span> <span class='ocrx_word' id='word_1_53' title='bbox 763 899 890 959; x_wconf 87' lang='lat' dir='ltr'>Romani</span> <span class='ocrx_word' id='word_1_54' title='bbox 911 898 1029 981; x_wconf 81' lang='lat' dir='ltr'>generis</span> <span class='ocrx_word' id='word_1_55' title='bbox 1049 897 1224 979; x_wconf 86' lang='lat' dir='ltr'>sanguinem</span> <span class='ocrx_word' id='word_1_56' title='bbox 1280 899 1402 961; x_wconf 85' lang='lat' dir='ltr'>iis’snis</span> 
     </span>
     <span class='ocr_line' id='line_1_9' title="bbox 308 985 675 1072; baseline -0.016 -24"><span class='ocrx_word' id='word_1_57' title='bbox 308 987 471 1072; x_wconf 90' lang='lat' dir='ltr'>propinare</span> <span class='ocrx_word' id='word_1_58' title='bbox 491 985 675 1046; x_wconf 84' lang='lat' dir='ltr'>decreverat.</span> 
     </span>
    </p>

    <p class='ocr_par' dir='ltr' id='par_1_4' title="bbox 307 1054 1401 1479">
     <span class='ocr_line' id='line_1_10' title="bbox 393 1054 1400 1150; baseline -0.004 -18"><span class='ocrx_word' id='word_1_59' title='bbox 393 1070 473 1150; x_wconf 71' lang='lat' dir='ltr'>Pag.</span> <span class='ocrx_word' id='word_1_60' title='bbox 495 1067 524 1130; x_wconf 81' lang='lat'>5.</span> <span class='ocrx_word' id='word_1_61' title='bbox 549 1067 589 1127; x_wconf 76' lang='lat' dir='ltr'>A.</span> <span class='ocrx_word' id='word_1_62' title='bbox 616 1064 702 1149; x_wconf 68' lang='lat' dir='ltr'>[l5o,</span> <span class='ocrx_word' id='word_1_63' title='bbox 724 1061 771 1148; x_wconf 85' lang='lat'>9.]</span> <span class='ocrx_word' id='word_1_64' title='bbox 794 1061 990 1147; x_wconf 77' lang='grc' dir='ltr'><strong><em>κεφαλιῶται</em></strong></span> <span class='ocrx_word' id='word_1_65' title='bbox 1020 1054 1186 1140; x_wconf 70' lang='lat' dir='ltr'>inundent</span> <span class='ocrx_word' id='word_1_66' title='bbox 1212 1060 1400 1128; x_wconf 72' lang='grc' dir='ltr'>ἐκαλοῦντο.</span> 
     </span>
     <span class='ocr_line' id='line_1_11' title="bbox 307 1145 1400 1233; baseline -0.005 -18"><span class='ocrx_word' id='word_1_67' title='bbox 307 1152 482 1216; x_wconf 84' lang='lat' dir='ltr'>Fridericus</span> <span class='ocrx_word' id='word_1_68' title='bbox 501 1149 679 1233; x_wconf 82' lang='lat' dir='ltr'>Sylburgius</span> <span class='ocrx_word' id='word_1_69' title='bbox 702 1168 864 1232; x_wconf 75' lang='lat' dir='ltr'>proceres3</span> <span class='ocrx_word' id='word_1_70' title='bbox 897 1145 1034 1208; x_wconf 76' lang='lat' dir='ltr'><strong>Andreas</strong></span> <span class='ocrx_word' id='word_1_71' title='bbox 1058 1145 1199 1206; x_wconf 87' lang='lat' dir='ltr'>Schottus</span> <span class='ocrx_word' id='word_1_72' title='bbox 1221 1146 1400 1210; x_wconf 77' lang='lat' dir='ltr'>Primarioe</span> 
     </span>
     <span class='ocr_line' id='line_1_12' title="bbox 307 1226 1401 1327; baseline -0.004 -31"><span class='ocrx_word' id='word_1_73' title='bbox 307 1240 391 1298; x_wconf 67' lang='lat' dir='ltr'>arms</span> <span class='ocrx_word' id='word_1_74' title='bbox 410 1233 518 1295; x_wconf 78' lang='lat' dir='ltr'>reddit.</span> <span class='ocrx_word' id='word_1_75' title='bbox 562 1234 755 1293; x_wconf 84' lang='lat' dir='ltr'>Recentiores</span> <span class='ocrx_word' id='word_1_76' title='bbox 784 1231 891 1291; x_wconf 88' lang='lat' dir='ltr'>Graeci</span> <span class='ocrx_word' id='word_1_77' title='bbox 918 1226 1099 1327; x_wconf 72' lang='lat' dir='ltr'>aspalddae</span> <span class='ocrx_word' id='word_1_78' title='bbox 1134 1229 1309 1291; x_wconf 70' lang='lat' dir='ltr'>Praefectos</span> <span class='ocrx_word' id='word_1_79' title='bbox 1348 1253 1401 1292; x_wconf 81' lang='lat' dir='ltr'>ea·</span> 
     </span>
     <span class='ocr_line' id='line_1_13' title="bbox 307 1312 1399 1398; baseline -0.005 -18"><span class='ocrx_word' id='word_1_80' title='bbox 307 1331 441 1380; x_wconf 87' lang='lat' dir='ltr'>strorum</span> <span class='ocrx_word' id='word_1_81' title='bbox 462 1328 515 1377; x_wconf 94' lang='lat' dir='ltr'>aut</span> <span class='ocrx_word' id='word_1_82' title='bbox 535 1315 665 1379; x_wconf 86' lang='lat' dir='ltr'>militum</span> <span class='ocrx_word' id='word_1_83' title='bbox 686 1314 780 1374; x_wconf 89' lang='lat' dir='ltr'>duces</span> <span class='ocrx_word' id='word_1_84' title='bbox 801 1336 836 1373; x_wconf 90' lang='lat' dir='ltr'>ac</span> <span class='ocrx_word' id='word_1_85' title='bbox 847 1324 1038 1374; x_wconf 79' lang='lat' dir='ltr'>centuriones</span> <span class='ocrx_word' id='word_1_86' title='bbox 1058 1312 1238 1394; x_wconf 90' lang='lat' dir='ltr'>appellant,</span> <span class='ocrx_word' id='word_1_87' title='bbox 1261 1313 1301 1374; x_wconf 88' lang='lat' dir='ltr'>de</span> <span class='ocrx_word' id='word_1_88' title='bbox 1330 1317 1399 1398; x_wconf 85' lang='lat' dir='ltr'>qui-</span> 
     </span>
     <span class='ocr_line' id='line_1_14' title="bbox 308 1396 1028 1479; baseline -0.011 -16"><span class='ocrx_word' id='word_1_89' title='bbox 308 1401 367 1463; x_wconf 91' lang='lat' dir='ltr'>bus</span> <span class='ocrx_word' id='word_1_90' title='bbox 387 1400 510 1461; x_wconf 88' lang='lat' dir='ltr'>consule</span> <span class='ocrx_word' id='word_1_91' title='bbox 531 1399 683 1461; x_wconf 86' lang='lat' dir='ltr'>Glossaria</span> <span class='ocrx_word' id='word_1_92' title='bbox 704 1397 825 1479; x_wconf 81' lang='lat' dir='ltr'>Rigaltii</span> <span class='ocrx_word' id='word_1_93' title='bbox 842 1407 873 1457; x_wconf 86' lang='lat' dir='ltr'>et</span> <span class='ocrx_word' id='word_1_94' title='bbox 894 1396 1028 1457; x_wconf 82' lang='lat' dir='ltr'>Meumii.</span> 
     </span>
    </p>

    <p class='ocr_par' dir='ltr' id='par_1_5' title="bbox 306 1472 1445 2391">
     <span class='ocr_line' id='line_1_15' title="bbox 393 1472 1399 1566; baseline -0.005 -20"><span class='ocrx_word' id='word_1_95' title='bbox 393 1484 471 1565; x_wconf 82' lang='lat' dir='ltr'>Pag.</span> <span class='ocrx_word' id='word_1_96' title='bbox 482 1484 512 1545; x_wconf 85' lang='lat'>5.</span> <span class='ocrx_word' id='word_1_97' title='bbox 528 1484 564 1544; x_wconf 87' lang='grc' dir='ltr'>Β.</span> <span class='ocrx_word' id='word_1_98' title='bbox 580 1482 670 1566; x_wconf 52' lang='lat' dir='ltr'>[aaa</span> <span class='ocrx_word' id='word_1_99' title='bbox 688 1478 750 1562; x_wconf 64' lang='lat' dir='ltr'>rm]</span> <span class='ocrx_word' id='word_1_100' title='bbox 771 1472 984 1560; x_wconf 79' lang='grc' dir='ltr'><strong>Ἀδᾰουλφος.</strong></span> <span class='ocrx_word' id='word_1_101' title='bbox 1025 1478 1140 1538; x_wconf 89' lang='lat' dir='ltr'>Latinis</span> <span class='ocrx_word' id='word_1_102' title='bbox 1160 1477 1273 1538; x_wconf 87' lang='lat' dir='ltr'>dicitur</span> <span class='ocrx_word' id='word_1_103' title='bbox 1288 1478 1399 1542; x_wconf 74' lang='lat' dir='ltr'>Anu-</span> 
     </span>
     <span class='ocr_line' id='line_1_16' title="bbox 308 1561 1398 1646; baseline -0.005 -18"><span class='ocrx_word' id='word_1_104' title='bbox 308 1567 378 1646; x_wconf 79' lang='lat' dir='ltr'>lus,</span> <span class='ocrx_word' id='word_1_105' title='bbox 400 1569 462 1627; x_wconf 87' lang='lat' dir='ltr'>imo</span> <span class='ocrx_word' id='word_1_106' title='bbox 484 1577 515 1627; x_wconf 88' lang='lat' dir='ltr'>et</span> <span class='ocrx_word' id='word_1_107' title='bbox 535 1567 678 1639; x_wconf 87' lang='lat' dir='ltr'>Graecis,</span> <span class='ocrx_word' id='word_1_108' title='bbox 701 1564 840 1639; x_wconf 89' lang='lat' dir='ltr'>Zosimo,</span> <span class='ocrx_word' id='word_1_109' title='bbox 861 1561 1026 1622; x_wconf 79' lang='lat' dir='ltr'>sozomeno</span> <span class='ocrx_word' id='word_1_110' title='bbox 1048 1573 1079 1622; x_wconf 89' lang='lat' dir='ltr'>et</span> <span class='ocrx_word' id='word_1_111' title='bbox 1096 1571 1219 1622; x_wconf 83' lang='lat' dir='ltr'>auctore</span> <span class='ocrx_word' id='word_1_112' title='bbox 1231 1561 1398 1641; x_wconf 83' lang='lat' dir='ltr'>Chronici,</span> 
     </span>
     <span class='ocr_line' id='line_1_17' title="bbox 308 1643 1397 1722; baseline -0.004 -11"><span class='ocrx_word' id='word_1_113' title='bbox 308 1653 358 1712; x_wconf 88' lang='lat' dir='ltr'>cui</span> <span class='ocrx_word' id='word_1_114' title='bbox 382 1648 588 1711; x_wconf 83' lang='lat' dir='ltr'>Alexandrino</span> <span class='ocrx_word' id='word_1_115' title='bbox 610 1667 721 1708; x_wconf 91' lang='lat' dir='ltr'>nomen</span> <span class='ocrx_word' id='word_1_116' title='bbox 743 1656 798 1719; x_wconf 89' lang='lat' dir='ltr'>est,</span> <span class='ocrx_word' id='word_1_117' title='bbox 821 1643 988 1704; x_wconf 89' lang='lat' dir='ltr'>lndictione</span> <span class='ocrx_word' id='word_1_118' title='bbox 1015 1644 1119 1722; x_wconf 79' lang='lat' dir='ltr'>xlll,</span> <span class='ocrx_word' id='word_1_119' title='bbox 1141 1644 1282 1705; x_wconf 84' lang='lat' dir='ltr'>Honorio</span> <span class='ocrx_word' id='word_1_120' title='bbox 1304 1647 1345 1705; x_wconf 86' lang='lat' dir='ltr'>X.</span> <span class='ocrx_word' id='word_1_121' title='bbox 1367 1657 1397 1707; x_wconf 83' lang='lat' dir='ltr'>et</span> 
     </span>
     <span class='ocr_line' id='line_1_18' title="bbox 307 1721 1398 1812; baseline -0.006 -19"><span class='ocrx_word' id='word_1_122' title='bbox 307 1733 544 1793; x_wconf 88' lang='lat' dir='ltr'>Theodosion.</span> <span class='ocrx_word' id='word_1_123' title='bbox 569 1734 670 1812; x_wconf 80' lang='lat' dir='ltr'>Augg.</span> <span class='ocrx_word' id='word_1_124' title='bbox 692 1729 790 1789; x_wconf 71' lang='lat' dir='ltr'>Coss:</span> <span class='ocrx_word' id='word_1_125' title='bbox 812 1725 889 1807; x_wconf 71' lang='grc' dir='ltr'>μηνὶ</span> <span class='ocrx_word' id='word_1_126' title='bbox 906 1725 937 1787; x_wconf 93' lang='grc' dir='ltr'><strong>Γ</strong></span> <span class='ocrx_word' id='word_1_127' title='bbox 935 1727 1066 1811; x_wconf 73' lang='grc' dir='ltr'><em>ορπιαίῳ</em></span> <span class='ocrx_word' id='word_1_128' title='bbox 1080 1725 1119 1810; x_wconf 76' lang='grc' dir='ltr'>τῇ</span> <span class='ocrx_word' id='word_1_129' title='bbox 1140 1722 1202 1805; x_wconf 77' lang='grc' dir='ltr'>πρὸ</span> <span class='ocrx_word' id='word_1_130' title='bbox 1219 1721 1246 1807; x_wconf 82' lang='grc' dir='ltr'>η’</span> <span class='ocrx_word' id='word_1_131' title='bbox 1265 1727 1398 1790; x_wconf 69' lang='grc' dir='ltr'><strong><em>Καλαν-</em></strong></span> 
     </span>
     <span class='ocr_line' id='line_1_19' title="bbox 310 1804 1399 1914; baseline -0.002 -39"><span class='ocrx_word' id='word_1_132' title='bbox 310 1814 374 1876; x_wconf 77' lang='grc' dir='ltr'>δῶν</span> <span class='ocrx_word' id='word_1_133' title='bbox 388 1812 590 1914; x_wconf 69' lang='lat' dir='ltr'>&#39;Oxtmsspehw</span> <span class='ocrx_word' id='word_1_134' title='bbox 605 1810 709 1894; x_wconf 74' lang='grc' dir='ltr'><strong><em>ἡμέρα</em></strong></span> <span class='ocrx_word' id='word_1_135' title='bbox 726 1809 911 1892; x_wconf 77' lang='grc' dir='ltr'><strong><em>παρασκευῇ</em></strong></span> <span class='ocrx_word' id='word_1_136' title='bbox 927 1804 1072 1890; x_wconf 70' lang='grc' dir='ltr'>ἐδηλώθη</span> <span class='ocrx_word' id='word_1_137' title='bbox 1093 1807 1275 1892; x_wconf 66' lang='grc' dir='ltr'><em>ἀνῃρῆσθαι</em></span> <span class='ocrx_word' id='word_1_138' title='bbox 1304 1808 1399 1873; x_wconf 71' lang='grc' dir='ltr'>Ἀω-</span> 
     </span>
     <span class='ocr_line' id='line_1_20' title="bbox 310 1871 1398 1980; baseline -0.003 -23"><span class='ocrx_word' id='word_1_139' title='bbox 310 1900 430 1980; x_wconf 67' lang='lat' dir='ltr'>calpon</span> <span class='ocrx_word' id='word_1_140' title='bbox 450 1899 623 1980; x_wconf 77' lang='grc' dir='ltr'><strong>βαρβαρον.</strong></span> <span class='ocrx_word' id='word_1_141' title='bbox 665 1871 885 1975; x_wconf 82' lang='lat' dir='ltr'>Philostorgius</span> <span class='ocrx_word' id='word_1_142' title='bbox 903 1888 1111 1975; x_wconf 80' lang='grc' dir='ltr'>Ἀδαοῦλφον</span> <span class='ocrx_word' id='word_1_143' title='bbox 1127 1891 1281 1975; x_wconf 85' lang='lat' dir='ltr'>appellat,</span> <span class='ocrx_word' id='word_1_144' title='bbox 1303 1905 1335 1954; x_wconf 88' lang='lat' dir='ltr'>et</span> <span class='ocrx_word' id='word_1_145' title='bbox 1358 1891 1398 1954; x_wconf 87' lang='lat' dir='ltr'>ab</span> 
     </span>
     <span class='ocr_line' id='line_1_21' title="bbox 310 1976 1347 2063; baseline -0.012 -21"><span class='ocrx_word' id='word_1_146' title='bbox 310 1979 531 2063; x_wconf 83' lang='lat' dir='ltr'>Olympiodoro</span> <span class='ocrx_word' id='word_1_147' title='bbox 552 1989 656 2040; x_wconf 68' lang='lat' dir='ltr'>nnaro</span> <span class='ocrx_word' id='word_1_148' title='bbox 677 1976 743 2037; x_wconf 88' lang='lat' dir='ltr'>solo</span> <span class='ocrx_word' id='word_1_149' title='bbox 764 1977 901 2036; x_wconf 82' lang='lat' dir='ltr'>dissentit</span> <span class='ocrx_word' id='word_1_150' title='bbox 921 1985 1056 2034; x_wconf 86' lang='lat' dir='ltr'>accentu.</span> <span class='ocrx_word' id='word_1_151' title='bbox 1340 2006 1347 2016; x_wconf 84' lang='lat'><strong>·</strong></span> 
     </span>
     <span class='ocr_line' id='line_1_22' title="bbox 306 2056 1445 2144; baseline -0.004 -19"><span class='ocrx_word' id='word_1_152' title='bbox 306 2060 311 2068; x_wconf 37' lang='lat'>⁸</span> <span class='ocrx_word' id='word_1_153' title='bbox 393 2064 471 2144; x_wconf 73' lang='lat' dir='ltr'>Peg,</span> <span class='ocrx_word' id='word_1_154' title='bbox 499 2063 528 2123; x_wconf 80' lang='lat'>5.</span> <span class='ocrx_word' id='word_1_155' title='bbox 552 2063 588 2122; x_wconf 92' lang='grc' dir='ltr'><strong>Β.</strong></span> <span class='ocrx_word' id='word_1_156' title='bbox 609 2059 695 2144; x_wconf 65' lang='lat'><strong>[45⁰2</strong></span> <span class='ocrx_word' id='word_1_157' title='bbox 719 2056 783 2141; x_wconf 82' lang='lat'>1.]</span> <span class='ocrx_word' id='word_1_158' title='bbox 814 2057 861 2118; x_wconf 89' lang='lat' dir='ltr'>De</span> <span class='ocrx_word' id='word_1_159' title='bbox 881 2057 1077 2118; x_wconf 90' lang='lat' dir='ltr'>Constantino</span> <span class='ocrx_word' id='word_1_160' title='bbox 1107 2059 1253 2142; x_wconf 81' lang='lat' dir='ltr'>Tyranno</span> <span class='ocrx_word' id='word_1_161' title='bbox 1282 2070 1399 2142; x_wconf 72' lang='lat' dir='ltr'>praete</span> <span class='ocrx_word' id='word_1_162' title='bbox 1444 2085 1445 2088; x_wconf 43' lang='lat'>¹</span> 
     </span>
     <span class='ocr_line' id='line_1_23' title="bbox 309 2140 1398 2226; baseline -0.002 -22"><span class='ocrx_word' id='word_1_163' title='bbox 309 2143 521 2204; x_wconf 86' lang='lat' dir='ltr'>Marcellinum</span> <span class='ocrx_word' id='word_1_164' title='bbox 542 2144 656 2226; x_wconf 81' lang='lat' dir='ltr'>lllyric.</span> <span class='ocrx_word' id='word_1_165' title='bbox 678 2144 709 2201; x_wconf 93' lang='lat' dir='ltr'>in</span> <span class='ocrx_word' id='word_1_166' title='bbox 779 2162 845 2201; x_wconf 89' lang='lat' dir='ltr'>ron.</span> <span class='ocrx_word' id='word_1_167' title='bbox 868 2140 925 2201; x_wconf 90' lang='lat' dir='ltr'>sub</span> <span class='ocrx_word' id='word_1_168' title='bbox 945 2140 1105 2201; x_wconf 84' lang='lat' dir='ltr'>consulatu</span> <span class='ocrx_word' id='word_1_169' title='bbox 1127 2143 1254 2203; x_wconf 86' lang='lat' dir='ltr'>Honorii</span> <span class='ocrx_word' id='word_1_170' title='bbox 1278 2144 1337 2203; x_wconf 83' lang='lat' dir='ltr'>lx.</span> <span class='ocrx_word' id='word_1_171' title='bbox 1368 2151 1398 2202; x_wconf 86' lang='lat' dir='ltr'>et</span> 
     </span>
     <span class='ocr_line' id='line_1_24' title="bbox 310 2223 1396 2304; baseline -0.002 -18"><span class='ocrx_word' id='word_1_172' title='bbox 310 2225 474 2286; x_wconf 81' lang='lat' dir='ltr'>Theodosii</span> <span class='ocrx_word' id='word_1_173' title='bbox 507 2227 583 2302; x_wconf 86' lang='lat' dir='ltr'>1V.‚</span> <span class='ocrx_word' id='word_1_174' title='bbox 608 2224 741 2285; x_wconf 85' lang='lat' dir='ltr'>ldatium</span> <span class='ocrx_word' id='word_1_175' title='bbox 760 2228 792 2283; x_wconf 92' lang='lat' dir='ltr'>in</span> <span class='ocrx_word' id='word_1_176' title='bbox 820 2225 919 2284; x_wconf 90' lang='lat' dir='ltr'>Fastis</span> <span class='ocrx_word' id='word_1_177' title='bbox 948 2234 979 2284; x_wconf 88' lang='lat' dir='ltr'>et</span> <span class='ocrx_word' id='word_1_178' title='bbox 998 2223 1132 2304; x_wconf 78' lang='lat' dir='ltr'>Chrom,</span> <span class='ocrx_word' id='word_1_179' title='bbox 1159 2227 1236 2286; x_wconf 89' lang='lat' dir='ltr'>Pros</span> <span class='ocrx_word' id='word_1_180' title='bbox 1365 2225 1396 2284; x_wconf 89' lang='lat' dir='ltr'>in</span> 
     </span>
     <span class='ocr_line' id='line_1_25' title="bbox 309 2305 1445 2391; baseline -0.002 -22"><span class='ocrx_word' id='word_1_181' title='bbox 309 2305 393 2369; x_wconf 84' lang='lat' dir='ltr'>Fast.</span> <span class='ocrx_word' id='word_1_182' title='bbox 418 2307 554 2368; x_wconf 85' lang='lat' dir='ltr'>similiter</span> <span class='ocrx_word' id='word_1_183' title='bbox 575 2318 605 2367; x_wconf 89' lang='lat' dir='ltr'>et</span> <span class='ocrx_word' id='word_1_184' title='bbox 616 2307 745 2386; x_wconf 77' lang='lat' dir='ltr'>Chion,</span> <span class='ocrx_word' id='word_1_185' title='bbox 762 2307 973 2367; x_wconf 88' lang='lat' dir='ltr'>Cassiodorum</span> <span class='ocrx_word' id='word_1_186' title='bbox 994 2305 1144 2389; x_wconf 88' lang='lat' dir='ltr'>aliosque,</span> <span class='ocrx_word' id='word_1_187' title='bbox 1168 2311 1222 2391; x_wconf 83' lang='lat' dir='ltr'>qui</span> <span class='ocrx_word' id='word_1_188' title='bbox 1262 2312 1396 2369; x_wconf 73' lang='lat' dir='ltr'>invitatis</span> <span class='ocrx_word' id='word_1_189' title='bbox 1444 2313 1445 2340; x_wconf 64' lang='lat'>¹</span> 
     </span>
    </p>

    <p class='ocr_par' dir='ltr' id='par_1_6' title="bbox 223 2390 1396 2721">
     <span class='ocr_line' id='line_1_26' title="bbox 223 2390 1396 2476; baseline -0.004 -19"><span class='ocrx_word' id='word_1_190' title='bbox 223 2403 294 2476; x_wconf 53' lang='lat'>¹29²</span> <span class='ocrx_word' id='word_1_191' title='bbox 310 2393 411 2452; x_wconf 89' lang='lat' dir='ltr'>studio</span> <span class='ocrx_word' id='word_1_192' title='bbox 431 2393 593 2473; x_wconf 87' lang='lat' dir='ltr'>praecipua</span> <span class='ocrx_word' id='word_1_193' title='bbox 613 2411 752 2473; x_wconf 89' lang='lat' dir='ltr'>quaeque</span> <span class='ocrx_word' id='word_1_194' title='bbox 769 2392 948 2467; x_wconf 89' lang='lat' dir='ltr'>omiserunt,</span> <span class='ocrx_word' id='word_1_195' title='bbox 969 2390 1169 2452; x_wconf 89' lang='lat' dir='ltr'>consulendos</span> <span class='ocrx_word' id='word_1_196' title='bbox 1183 2394 1310 2453; x_wconf 90' lang='lat' dir='ltr'>omnino</span> <span class='ocrx_word' id='word_1_197' title='bbox 1327 2413 1396 2452; x_wconf 87' lang='lat' dir='ltr'>nen·</span> 
     </span>
     <span class='ocr_line' id='line_1_27' title="bbox 309 2471 1392 2558; baseline -0.004 -22"><span class='ocrx_word' id='word_1_198' title='bbox 309 2496 360 2536; x_wconf 85' lang='lat' dir='ltr'>seo</span> <span class='ocrx_word' id='word_1_199' title='bbox 382 2476 526 2535; x_wconf 87' lang='lat' dir='ltr'>Orosium</span> <span class='ocrx_word' id='word_1_200' title='bbox 553 2473 607 2535; x_wconf 80' lang='lat' dir='ltr'>lib.</span> <span class='ocrx_word' id='word_1_201' title='bbox 631 2473 662 2533; x_wconf 75' lang='lat'>5.</span> <span class='ocrx_word' id='word_1_202' title='bbox 686 2494 755 2555; x_wconf 85' lang='lat' dir='ltr'>cap.</span> <span class='ocrx_word' id='word_1_203' title='bbox 783 2471 860 2552; x_wconf 65' lang='lat' dir='ltr'>dm,</span> <span class='ocrx_word' id='word_1_204' title='bbox 890 2473 1091 2533; x_wconf 75' lang='lat' dir='ltr'>sozomenum</span> <span class='ocrx_word' id='word_1_205' title='bbox 1121 2472 1176 2535; x_wconf 89' lang='lat' dir='ltr'>lib.</span> <span class='ocrx_word' id='word_1_206' title='bbox 1196 2497 1229 2558; x_wconf 81' lang='lat'>9.</span> <span class='ocrx_word' id='word_1_207' title='bbox 1251 2497 1320 2557; x_wconf 87' lang='lat' dir='ltr'>cap.</span> <span class='ocrx_word' id='word_1_208' title='bbox 1348 2495 1392 2535; x_wconf 87' lang='lat'>11.</span> 
     </span>
     <span class='ocr_line' id='line_1_28' title="bbox 310 2554 1396 2637; baseline -0.001 -18"><span class='ocrx_word' id='word_1_209' title='bbox 310 2579 347 2619; x_wconf 91' lang='lat' dir='ltr'>ac</span> <span class='ocrx_word' id='word_1_210' title='bbox 367 2558 546 2618; x_wconf 90' lang='lat' dir='ltr'>nominatim</span> <span class='ocrx_word' id='word_1_211' title='bbox 567 2558 740 2628; x_wconf 90' lang='lat' dir='ltr'>Zosimum,</span> <span class='ocrx_word' id='word_1_212' title='bbox 774 2557 827 2637; x_wconf 91' lang='lat' dir='ltr'>qui</span> <span class='ocrx_word' id='word_1_213' title='bbox 855 2556 943 2616; x_wconf 79' lang='lat' dir='ltr'>initio</span> <span class='ocrx_word' id='word_1_214' title='bbox 973 2554 1044 2616; x_wconf 91' lang='lat' dir='ltr'>libri</span> <span class='ocrx_word' id='word_1_215' title='bbox 1073 2558 1146 2616; x_wconf 82' lang='lat' dir='ltr'>sexti</span> <span class='ocrx_word' id='word_1_216' title='bbox 1177 2559 1285 2619; x_wconf 88' lang='lat' dir='ltr'>eadem</span> <span class='ocrx_word' id='word_1_217' title='bbox 1304 2558 1396 2618; x_wconf 79' lang='lat' dir='ltr'>seme</span> 
     </span>
     <span class='ocr_line' id='line_1_29' title="bbox 311 2637 1393 2721; baseline 0 -19"><span class='ocrx_word' id='word_1_218' title='bbox 311 2643 413 2702; x_wconf 87' lang='lat' dir='ltr'>omnia</span> <span class='ocrx_word' id='word_1_219' title='bbox 439 2650 593 2715; x_wconf 79' lang='lat' dir='ltr'>recenset,</span> <span class='ocrx_word' id='word_1_220' title='bbox 618 2660 696 2721; x_wconf 88' lang='lat' dir='ltr'>qnae</span> <span class='ocrx_word' id='word_1_221' title='bbox 727 2660 763 2698; x_wconf 85' lang='lat' dir='ltr'>ex</span> <span class='ocrx_word' id='word_1_222' title='bbox 791 2637 1012 2720; x_wconf 83' lang='lat' dir='ltr'>Olympiodoro</span> <span class='ocrx_word' id='word_1_223' title='bbox 1042 2641 1216 2720; x_wconf 82' lang='lat' dir='ltr'>perstrinxit</span> <span class='ocrx_word' id='word_1_224' title='bbox 1245 2641 1393 2702; x_wconf 77' lang='lat' dir='ltr'>Pharius:</span> 
     </span>
    </p>

    <p class='ocr_par' dir='ltr' id='par_1_7' title="bbox 240 2721 1443 3802">
     <span class='ocr_line' id='line_1_30' title="bbox 240 2721 1393 2807; baseline 0 -22"><span class='ocrx_word' id='word_1_225' title='bbox 240 2799 244 2807; x_wconf 14' lang='grc' dir='ltr'><strong><em>ἢ</em></strong></span> <span class='ocrx_word' id='word_1_226' title='bbox 314 2727 342 2804; x_wconf 85' lang='lat'>1)</span> <span class='ocrx_word' id='word_1_227' title='bbox 364 2725 411 2785; x_wconf 88' lang='lat' dir='ltr'>De</span> <span class='ocrx_word' id='word_1_228' title='bbox 432 2724 555 2784; x_wconf 85' lang='lat' dir='ltr'>militari</span> <span class='ocrx_word' id='word_1_229' title='bbox 576 2721 707 2782; x_wconf 85' lang='lat' dir='ltr'>tumultu</span> <span class='ocrx_word' id='word_1_230' title='bbox 721 2723 753 2781; x_wconf 92' lang='lat' dir='ltr'>in</span> <span class='ocrx_word' id='word_1_231' title='bbox 767 2721 923 2782; x_wconf 76' lang='lat' dir='ltr'>Britannia</span> <span class='ocrx_word' id='word_1_232' title='bbox 937 2722 1083 2796; x_wconf 83' lang='lat' dir='ltr'>excitato,</span> <span class='ocrx_word' id='word_1_233' title='bbox 1106 2723 1155 2783; x_wconf 86' lang='lat' dir='ltr'>vel</span> <span class='ocrx_word' id='word_1_234' title='bbox 1172 2724 1310 2785; x_wconf 87' lang='lat' dir='ltr'>Honorio</span> <span class='ocrx_word' id='word_1_235' title='bbox 1323 2725 1393 2785; x_wconf 87' lang='lat' dir='ltr'>Vll.</span> 
     </span>
     <span class='ocr_line' id='line_1_31' title="bbox 310 2803 1394 2886; baseline 0.002 -19"><span class='ocrx_word' id='word_1_236' title='bbox 310 2818 341 2867; x_wconf 91' lang='lat' dir='ltr'>et</span> <span class='ocrx_word' id='word_1_237' title='bbox 361 2805 532 2867; x_wconf 86' lang='lat' dir='ltr'>Theodosio</span> <span class='ocrx_word' id='word_1_238' title='bbox 552 2808 661 2865; x_wconf 89' lang='lat' dir='ltr'>iterum</span> <span class='ocrx_word' id='word_1_239' title='bbox 683 2805 783 2882; x_wconf 74' lang='lat' dir='ltr'>Coss,</span> <span class='ocrx_word' id='word_1_240' title='bbox 803 2803 852 2863; x_wconf 88' lang='lat' dir='ltr'>vel</span> <span class='ocrx_word' id='word_1_241' title='bbox 872 2803 963 2886; x_wconf 91' lang='lat' dir='ltr'>paulo</span> <span class='ocrx_word' id='word_1_242' title='bbox 983 2815 1065 2882; x_wconf 88' lang='lat' dir='ltr'>ante,</span> <span class='ocrx_word' id='word_1_243' title='bbox 1088 2817 1123 2866; x_wconf 88' lang='lat' dir='ltr'>ut</span> <span class='ocrx_word' id='word_1_244' title='bbox 1142 2818 1245 2868; x_wconf 82' lang='lat' dir='ltr'>noster</span> <span class='ocrx_word' id='word_1_245' title='bbox 1259 2808 1310 2868; x_wconf 90' lang='lat' dir='ltr'>bic</span> <span class='ocrx_word' id='word_1_246' title='bbox 1324 2809 1394 2868; x_wconf 86' lang='lat' dir='ltr'>iusi·</span> 
     </span>
     <span class='ocr_line' id='line_1_32' title="bbox 308 2887 1443 2973; baseline 0 -22"><span class='ocrx_word' id='word_1_247' title='bbox 308 2899 402 2965; x_wconf 85' lang='lat' dir='ltr'>nuat,</span> <span class='ocrx_word' id='word_1_248' title='bbox 424 2889 473 2950; x_wconf 89' lang='lat' dir='ltr'>vel</span> <span class='ocrx_word' id='word_1_249' title='bbox 495 2891 585 2950; x_wconf 86' lang='lat' dir='ltr'>etiam</span> <span class='ocrx_word' id='word_1_250' title='bbox 604 2888 742 2966; x_wconf 85' lang='lat' dir='ltr'>tardius,</span> <span class='ocrx_word' id='word_1_251' title='bbox 775 2887 868 2947; x_wconf 89' lang='lat' dir='ltr'>Basso</span> <span class='ocrx_word' id='word_1_252' title='bbox 901 2888 1044 2949; x_wconf 81' lang='lat' dir='ltr'>nimirum</span> <span class='ocrx_word' id='word_1_253' title='bbox 1065 2887 1268 2973; x_wconf 87' lang='lat' dir='ltr'>Philippoque</span> <span class='ocrx_word' id='word_1_254' title='bbox 1289 2892 1394 2969; x_wconf 70' lang='lat' dir='ltr'>Cass,</span> <span class='ocrx_word' id='word_1_255' title='bbox 1442 2915 1443 2922; x_wconf 51' lang='lat'>¹</span> 
     </span>
     <span class='ocr_line' id='line_1_33' title="bbox 308 2969 1392 3051; baseline -0.002 -19"><span class='ocrx_word' id='word_1_256' title='bbox 308 2984 344 3032; x_wconf 90' lang='lat' dir='ltr'>ut</span> <span class='ocrx_word' id='word_1_257' title='bbox 365 2971 416 3032; x_wconf 89' lang='lat' dir='ltr'>alii</span> <span class='ocrx_word' id='word_1_258' title='bbox 439 2973 625 3033; x_wconf 85' lang='lat' dir='ltr'>contendunt</span> <span class='ocrx_word' id='word_1_259' title='bbox 637 3019 646 3047; x_wconf 92' lang='lat'>,</span> <span class='ocrx_word' id='word_1_260' title='bbox 667 2970 790 3030; x_wconf 89' lang='lat' dir='ltr'>biennio</span> <span class='ocrx_word' id='word_1_261' title='bbox 810 2980 880 3030; x_wconf 91' lang='lat' dir='ltr'>ante</span> <span class='ocrx_word' id='word_1_262' title='bbox 899 2982 1015 3051; x_wconf 91' lang='lat' dir='ltr'>captam</span> <span class='ocrx_word' id='word_1_263' title='bbox 1042 2969 1082 3031; x_wconf 90' lang='lat' dir='ltr'>ab</span> <span class='ocrx_word' id='word_1_264' title='bbox 1111 2970 1236 3034; x_wconf 86' lang='lat' dir='ltr'>Alarico</span> <span class='ocrx_word' id='word_1_265' title='bbox 1257 2974 1392 3034; x_wconf 81' lang='lat' dir='ltr'>Romam.</span> 
     </span>
     <span class='ocr_line' id='line_1_34' title="bbox 309 3052 1391 3139; baseline -0.001 -24"><span class='ocrx_word' id='word_1_266' title='bbox 309 3057 340 3134; x_wconf 70' lang='grc' dir='ltr'>α)</span> <span class='ocrx_word' id='word_1_267' title='bbox 363 3055 410 3114; x_wconf 92' lang='lat' dir='ltr'>De</span> <span class='ocrx_word' id='word_1_268' title='bbox 431 3058 557 3128; x_wconf 84' lang='lat' dir='ltr'>Marco,</span> <span class='ocrx_word' id='word_1_269' title='bbox 581 3055 727 3114; x_wconf 85' lang='lat' dir='ltr'>Gratiano</span> <span class='ocrx_word' id='word_1_270' title='bbox 749 3074 784 3112; x_wconf 91' lang='lat' dir='ltr'>ac</span> <span class='ocrx_word' id='word_1_271' title='bbox 805 3052 1003 3114; x_wconf 86' lang='lat' dir='ltr'>Constantino</span> <span class='ocrx_word' id='word_1_272' title='bbox 1024 3054 1152 3114; x_wconf 82' lang='lat' dir='ltr'>subinde</span> <span class='ocrx_word' id='word_1_273' title='bbox 1173 3060 1282 3117; x_wconf 87' lang='lat' dir='ltr'>creatis</span> <span class='ocrx_word' id='word_1_274' title='bbox 1297 3058 1391 3139; x_wconf 90' lang='lat' dir='ltr'>lmpp.</span> 
     </span>
     <span class='ocr_line' id='line_1_35' title="bbox 308 3136 1393 3219; baseline 0.004 -23"><span class='ocrx_word' id='word_1_275' title='bbox 308 3137 338 3215; x_wconf 81' lang='lat'>3)</span> <span class='ocrx_word' id='word_1_276' title='bbox 360 3137 408 3196; x_wconf 88' lang='lat' dir='ltr'>De</span> <span class='ocrx_word' id='word_1_277' title='bbox 428 3138 544 3199; x_wconf 90' lang='lat' dir='ltr'>Iustino</span> <span class='ocrx_word' id='word_1_278' title='bbox 566 3138 628 3198; x_wconf 86' lang='lat' dir='ltr'>sive</span> <span class='ocrx_word' id='word_1_279' title='bbox 649 3137 814 3197; x_wconf 86' lang='lat' dir='ltr'>Iustiniano</span> <span class='ocrx_word' id='word_1_280' title='bbox 836 3147 866 3196; x_wconf 91' lang='lat' dir='ltr'>et</span> <span class='ocrx_word' id='word_1_281' title='bbox 878 3136 906 3195; x_wconf 89' lang='lat' dir='ltr'>N</span> <span class='ocrx_word' id='word_1_282' title='bbox 909 3139 1081 3219; x_wconf 82' lang='lat' dir='ltr'>eovigaste,</span> <span class='ocrx_word' id='word_1_283' title='bbox 1103 3136 1232 3200; x_wconf 88' lang='lat' dir='ltr'>ducibus</span> <span class='ocrx_word' id='word_1_284' title='bbox 1248 3141 1393 3200; x_wconf 85' lang='lat' dir='ltr'>Constan-</span> 
     </span>
     <span class='ocr_line' id='line_1_36' title="bbox 306 3218 1393 3306; baseline 0.006 -30"><span class='ocrx_word' id='word_1_285' title='bbox 306 3218 374 3277; x_wconf 90' lang='lat' dir='ltr'>tini.</span> <span class='ocrx_word' id='word_1_286' title='bbox 419 3218 448 3296; x_wconf 76' lang='grc'>4)</span> <span class='ocrx_word' id='word_1_287' title='bbox 471 3222 519 3280; x_wconf 88' lang='lat' dir='ltr'>De</span> <span class='ocrx_word' id='word_1_288' title='bbox 539 3221 686 3297; x_wconf 90' lang='lat' dir='ltr'>Bononia,</span> <span class='ocrx_word' id='word_1_289' title='bbox 705 3218 783 3279; x_wconf 89' lang='lat' dir='ltr'>urbe</span> <span class='ocrx_word' id='word_1_290' title='bbox 803 3220 965 3295; x_wconf 86' lang='lat' dir='ltr'>maritima,</span> <span class='ocrx_word' id='word_1_291' title='bbox 1001 3241 1092 3302; x_wconf 88' lang='lat' dir='ltr'>quam</span> <span class='ocrx_word' id='word_1_292' title='bbox 1113 3233 1216 3281; x_wconf 89' lang='lat' dir='ltr'>noster</span> <span class='ocrx_word' id='word_1_293' title='bbox 1237 3222 1393 3306; x_wconf 77' lang='lat' dir='ltr'>Olympio-</span> 
     </span>
     <span class='ocr_line' id='line_1_37' title="bbox 306 3298 1441 3383; baseline 0.005 -24"><span class='ocrx_word' id='word_1_294' title='bbox 306 3298 400 3360; x_wconf 90' lang='lat' dir='ltr'>dorus</span> <span class='ocrx_word' id='word_1_295' title='bbox 427 3314 507 3362; x_wconf 89' lang='lat' dir='ltr'>recte</span> <span class='ocrx_word' id='word_1_296' title='bbox 535 3306 664 3383; x_wconf 88' lang='lat' dir='ltr'>primam</span> <span class='ocrx_word' id='word_1_297' title='bbox 692 3304 724 3362; x_wconf 87' lang='lat' dir='ltr'>in</span> <span class='ocrx_word' id='word_1_298' title='bbox 746 3299 862 3361; x_wconf 89' lang='lat' dir='ltr'>Galliae</span> <span class='ocrx_word' id='word_1_299' title='bbox 890 3301 1000 3361; x_wconf 81' lang='lat' dir='ltr'>finibus</span> <span class='ocrx_word' id='word_1_300' title='bbox 1026 3305 1154 3383; x_wconf 79' lang='lat' dir='ltr'>positam</span> <span class='ocrx_word' id='word_1_301' title='bbox 1183 3304 1272 3366; x_wconf 88' lang='lat' dir='ltr'>docet</span> <span class='ocrx_word' id='word_1_302' title='bbox 1294 3328 1312 3365; x_wconf 88' lang='lat' dir='ltr'>e</span> <span class='ocrx_word' id='word_1_303' title='bbox 1330 3305 1392 3365; x_wconf 70' lang='grc' dir='ltr'>Βή-</span> <span class='ocrx_word' id='word_1_304' title='bbox 1437 3309 1441 3352; x_wconf 73' lang='lat' dir='ltr'>l</span> 
     </span>
     <span class='ocr_line' id='line_1_38' title="bbox 305 3383 1392 3466; baseline 0.005 -23"><span class='ocrx_word' id='word_1_305' title='bbox 305 3383 410 3443; x_wconf 90' lang='lat' dir='ltr'>tannia</span> <span class='ocrx_word' id='word_1_306' title='bbox 432 3385 644 3462; x_wconf 88' lang='lat' dir='ltr'>venientibus,</span> <span class='ocrx_word' id='word_1_307' title='bbox 673 3405 831 3466; x_wconf 86' lang='lat' dir='ltr'>perperam</span> <span class='ocrx_word' id='word_1_308' title='bbox 863 3405 937 3444; x_wconf 86' lang='lat' dir='ltr'>vero</span> <span class='ocrx_word' id='word_1_309' title='bbox 968 3385 1104 3446; x_wconf 90' lang='lat' dir='ltr'>Zosimus</span> <span class='ocrx_word' id='word_1_310' title='bbox 1133 3389 1165 3445; x_wconf 93' lang='lat' dir='ltr'>in</span> <span class='ocrx_word' id='word_1_311' title='bbox 1191 3387 1324 3448; x_wconf 87' lang='lat' dir='ltr'>inferiori</span> <span class='ocrx_word' id='word_1_312' title='bbox 1343 3408 1392 3448; x_wconf 86' lang='lat' dir='ltr'>seu</span> 
     </span>
     <span class='ocr_line' id='line_1_39' title="bbox 306 3458 1392 3551; baseline 0.002 -23"><span class='ocrx_word' id='word_1_313' title='bbox 306 3465 437 3528; x_wconf 85' lang='lat' dir='ltr'>secunda</span> <span class='ocrx_word' id='word_1_314' title='bbox 459 3468 620 3527; x_wconf 84' lang='lat' dir='ltr'>Germania</span> <span class='ocrx_word' id='word_1_315' title='bbox 640 3467 788 3543; x_wconf 89' lang='lat' dir='ltr'>collocat,</span> <span class='ocrx_word' id='word_1_316' title='bbox 815 3464 847 3526; x_wconf 92' lang='grc' dir='ltr'><strong><em>Γ</em></strong></span> <span class='ocrx_word' id='word_1_317' title='bbox 844 3465 994 3546; x_wconf 76' lang='grc' dir='ltr'>ερμανίας</span> <span class='ocrx_word' id='word_1_318' title='bbox 1011 3458 1091 3529; x_wconf 77' lang='grc' dir='ltr'><strong><em>οὖσα</em></strong></span> <span class='ocrx_word' id='word_1_319' title='bbox 1111 3463 1203 3540; x_wconf 81' lang='grc' dir='ltr'><strong><em>πόλις</em></strong></span> <span class='ocrx_word' id='word_1_320' title='bbox 1230 3471 1286 3551; x_wconf 70' lang='grc' dir='ltr'>τῆς</span> <span class='ocrx_word' id='word_1_321' title='bbox 1300 3463 1392 3530; x_wconf 67' lang='grc' dir='ltr'><strong>κάτω.</strong></span> 
     </span>
     <span class='ocr_line' id='line_1_40' title="bbox 306 3548 1391 3635; baseline 0.003 -24"><span class='ocrx_word' id='word_1_322' title='bbox 306 3551 336 3625; x_wconf 79' lang='grc'>5)</span> <span class='ocrx_word' id='word_1_323' title='bbox 358 3549 405 3608; x_wconf 92' lang='lat' dir='ltr'>De</span> <span class='ocrx_word' id='word_1_324' title='bbox 426 3549 590 3608; x_wconf 89' lang='lat' dir='ltr'>conciliatis</span> <span class='ocrx_word' id='word_1_325' title='bbox 610 3549 666 3608; x_wconf 91' lang='lat' dir='ltr'>sibi</span> <span class='ocrx_word' id='word_1_326' title='bbox 687 3550 727 3608; x_wconf 93' lang='lat' dir='ltr'>ad</span> <span class='ocrx_word' id='word_1_327' title='bbox 748 3548 841 3629; x_wconf 86' lang='lat' dir='ltr'>Alpes</span> <span class='ocrx_word' id='word_1_328' title='bbox 856 3570 964 3631; x_wconf 91' lang='lat' dir='ltr'>usque,</span> <span class='ocrx_word' id='word_1_329' title='bbox 985 3571 1063 3632; x_wconf 90' lang='lat' dir='ltr'>qnae</span> <span class='ocrx_word' id='word_1_330' title='bbox 1073 3549 1203 3611; x_wconf 90' lang='lat' dir='ltr'>Galliam</span> <span class='ocrx_word' id='word_1_331' title='bbox 1219 3553 1391 3635; x_wconf 81' lang='lat' dir='ltr'>Italiamque</span> 
     </span>
     <span class='ocr_line' id='line_1_41' title="bbox 305 3621 1440 3715; baseline 0.004 -23"><span class='ocrx_word' id='word_1_332' title='bbox 305 3632 526 3704; x_wconf 83' lang='lat' dir='ltr'>disterminant,</span> <span class='ocrx_word' id='word_1_333' title='bbox 549 3630 748 3708; x_wconf 68' lang='lat' dir='ltr'>exercitibus,</span> <span class='ocrx_word' id='word_1_334' title='bbox 769 3653 845 3713; x_wconf 92' lang='lat' dir='ltr'>quos</span> <span class='ocrx_word' id='word_1_335' title='bbox 867 3629 970 3694; x_wconf 82' lang='lat' dir='ltr'>Gallos</span> <span class='ocrx_word' id='word_1_336' title='bbox 990 3632 1214 3715; x_wconf 82' lang='lat' dir='ltr'>etAquitanos,</span> <span class='ocrx_word' id='word_1_337' title='bbox 1239 3635 1392 3697; x_wconf 75' lang='lat' dir='ltr'>observata</span> <span class='ocrx_word' id='word_1_338' title='bbox 1438 3621 1440 3648; x_wconf 55' lang='lat'>³</span> 
     </span>
     <span class='ocr_line' id='line_1_42' title="bbox 305 3711 1392 3802; baseline 0.003 -27"><span class='ocrx_word' id='word_1_339' title='bbox 305 3717 367 3776; x_wconf 88' lang='lat' dir='ltr'>iam</span> <span class='ocrx_word' id='word_1_340' title='bbox 388 3715 474 3792; x_wconf 89' lang='lat' dir='ltr'>aliis,</span> <span class='ocrx_word' id='word_1_341' title='bbox 504 3725 584 3773; x_wconf 85' lang='lat' dir='ltr'>certe</span> <span class='ocrx_word' id='word_1_342' title='bbox 606 3712 745 3774; x_wconf 73' lang='lat' dir='ltr'>familiari</span> <span class='ocrx_word' id='word_1_343' title='bbox 766 3735 821 3795; x_wconf 90' lang='lat' dir='ltr'>per</span> <span class='ocrx_word' id='word_1_344' title='bbox 844 3711 896 3774; x_wconf 89' lang='lat' dir='ltr'>illa</span> <span class='ocrx_word' id='word_1_345' title='bbox 916 3725 1053 3796; x_wconf 87' lang='lat' dir='ltr'>tempora</span> <span class='ocrx_word' id='word_1_346' title='bbox 1075 3715 1240 3796; x_wconf 88' lang='lat' dir='ltr'>divisione,</span> <span class='ocrx_word' id='word_1_347' title='bbox 1268 3717 1392 3802; x_wconf 81' lang='lat' dir='ltr'>appellat</span> 
     </span>
    </p>
   </div>
   <div class='ocr_carea' id='block_1_3' title="bbox 306 3795 1393 3940">
    <p class='ocr_par' dir='ltr' id='par_1_8' title="bbox 306 3795 1393 3940">
     <span class='ocr_line' id='line_1_43' title="bbox 306 3795 1393 3940; baseline 0.003 -82"><span class='ocrx_word' id='word_1_348' title='bbox 306 3798 557 3940; x_wconf 60' lang='grc' dir='ltr'>ΟΙγἛοάοιυε,</span> <span class='ocrx_word' id='word_1_349' title='bbox 579 3798 627 3856; x_wconf 89' lang='lat' dir='ltr'>cui</span> <span class='ocrx_word' id='word_1_350' title='bbox 650 3795 827 3878; x_wconf 87' lang='lat' dir='ltr'>subscripsit</span> <span class='ocrx_word' id='word_1_351' title='bbox 847 3800 937 3857; x_wconf 91' lang='lat' dir='ltr'>etiam</span> <span class='ocrx_word' id='word_1_352' title='bbox 960 3798 1154 3861; x_wconf 85' lang='lat' dir='ltr'>Sozomenus.</span> <span class='ocrx_word' id='word_1_353' title='bbox 1198 3800 1228 3879; x_wconf 80' lang='lat'>6)</span> <span class='ocrx_word' id='word_1_354' title='bbox 1252 3802 1301 3860; x_wconf 90' lang='lat' dir='ltr'>De</span> <span class='ocrx_word' id='word_1_355' title='bbox 1320 3803 1393 3861; x_wconf 70' lang='lat' dir='ltr'>dm·</span> 
     </span>
    </p>
   </div>
   <div class='ocr_carea' id='block_1_4' title="bbox 303 3879 1439 4214">
    <p class='ocr_par' dir='ltr' id='par_1_9' title="bbox 303 3879 1439 4214">
     <span class='ocr_line' id='line_1_44' title="bbox 305 3879 1391 3965; baseline 0.004 -26"><span class='ocrx_word' id='word_1_356' title='bbox 305 3879 374 3941; x_wconf 90' lang='lat' dir='ltr'>dem</span> <span class='ocrx_word' id='word_1_357' title='bbox 443 3881 585 3940; x_wconf 88' lang='lat' dir='ltr'>nstantini</span> <span class='ocrx_word' id='word_1_358' title='bbox 607 3879 669 3939; x_wconf 81' lang='lat' dir='ltr'>filio</span> <span class='ocrx_word' id='word_1_359' title='bbox 691 3890 764 3938; x_wconf 88' lang='lat' dir='ltr'>notu</span> <span class='ocrx_word' id='word_1_360' title='bbox 793 3882 907 3940; x_wconf 89' lang='lat' dir='ltr'>maiore</span> <span class='ocrx_word' id='word_1_361' title='bbox 937 3880 1122 3956; x_wconf 83' lang='lat' dir='ltr'>Constante,</span> <span class='ocrx_word' id='word_1_362' title='bbox 1154 3903 1248 3962; x_wconf 88' lang='lat' dir='ltr'>quem</span> <span class='ocrx_word' id='word_1_363' title='bbox 1275 3905 1295 3943; x_wconf 89' lang='lat' dir='ltr'>a</span> <span class='ocrx_word' id='word_1_364' title='bbox 1315 3895 1391 3965; x_wconf 73' lang='lat' dir='ltr'>pane</span> 
     </span>
     <span class='ocr_line' id='line_1_45' title="bbox 303 3961 1391 4044; baseline 0.002 -22"><span class='ocrx_word' id='word_1_365' title='bbox 303 3961 410 4022; x_wconf 83' lang='lat' dir='ltr'>habitu</span> <span class='ocrx_word' id='word_1_366' title='bbox 433 3964 568 4023; x_wconf 89' lang='lat' dir='ltr'>Caesaris</span> <span class='ocrx_word' id='word_1_367' title='bbox 589 3974 732 4022; x_wconf 85' lang='lat' dir='ltr'>ornatum</span> <span class='ocrx_word' id='word_1_368' title='bbox 755 3962 787 4021; x_wconf 92' lang='lat' dir='ltr'>in</span> <span class='ocrx_word' id='word_1_369' title='bbox 800 3963 977 4044; x_wconf 85' lang='lat' dir='ltr'>Hispaniam</span> <span class='ocrx_word' id='word_1_370' title='bbox 1000 3964 1123 4024; x_wconf 90' lang='lat' dir='ltr'>missum</span> <span class='ocrx_word' id='word_1_371' title='bbox 1144 3965 1235 4025; x_wconf 89' lang='lat' dir='ltr'>docet</span> <span class='ocrx_word' id='word_1_372' title='bbox 1247 3967 1391 4027; x_wconf 76' lang='lat' dir='ltr'>Zosimm.</span> 
     </span>
     <span class='ocr_line' id='line_1_46' title="bbox 303 4043 1439 4116; baseline 0.006 -15"><span class='ocrx_word' id='word_1_373' title='bbox 303 4043 385 4102; x_wconf 88' lang='lat' dir='ltr'>Eum</span> <span class='ocrx_word' id='word_1_374' title='bbox 407 4067 480 4104; x_wconf 83' lang='lat' dir='ltr'>vero</span> <span class='ocrx_word' id='word_1_375' title='bbox 500 4066 535 4104; x_wconf 87' lang='lat' dir='ltr'>ex</span> <span class='ocrx_word' id='word_1_376' title='bbox 558 4044 709 4104; x_wconf 88' lang='lat' dir='ltr'>monacho</span> <span class='ocrx_word' id='word_1_377' title='bbox 731 4043 843 4104; x_wconf 87' lang='lat' dir='ltr'>factum</span> <span class='ocrx_word' id='word_1_378' title='bbox 864 4067 927 4106; x_wconf 82' lang='lat' dir='ltr'>esse</span> <span class='ocrx_word' id='word_1_379' title='bbox 948 4045 1105 4107; x_wconf 86' lang='lat' dir='ltr'>Caesarem</span> <span class='ocrx_word' id='word_1_380' title='bbox 1121 4046 1253 4110; x_wconf 89' lang='lat' dir='ltr'>Orosius</span> <span class='ocrx_word' id='word_1_381' title='bbox 1273 4050 1393 4111; x_wconf 70' lang='lat' dir='ltr'>aaa·</span> <span class='ocrx_word' id='word_1_382' title='bbox 1438 4111 1439 4116; x_wconf 8' lang='grc' dir='ltr'>χ</span> 
     </span>
     <span class='ocr_line' id='line_1_47' title="bbox 304 4122 1213 4214; baseline 0.009 -31"><span class='ocrx_word' id='word_1_383' title='bbox 304 4122 451 4205; x_wconf 87' lang='lat' dir='ltr'>cellinns,</span> <span class='ocrx_word' id='word_1_384' title='bbox 471 4125 633 4189; x_wconf 86' lang='lat' dir='ltr'>Christiani</span> <span class='ocrx_word' id='word_1_385' title='bbox 655 4128 836 4209; x_wconf 86' lang='lat' dir='ltr'>scriptores,</span> <span class='ocrx_word' id='word_1_386' title='bbox 858 4128 992 4213; x_wconf 76' lang='lat' dir='ltr'>graviter</span> <span class='ocrx_word' id='word_1_387' title='bbox 1011 4127 1213 4214; x_wconf 78' lang='lat' dir='ltr'>expostulant.</span> 
     </span>
    </p>
   </div>
   <div class='ocr_carea' id='block_1_5' title="bbox 0 0 1460 4717">
    <p class='ocr_par' dir='ltr' id='par_1_10' title="bbox 0 0 1460 4717">
     <span class='ocr_line' id='line_1_48' title="bbox 0 0 1460 4717; baseline 0 4"><span class='ocrx_word' id='word_1_388' title='bbox 0 0 1460 4717; x_wconf 95' lang='lat' dir='ltr'> </span> 
     </span>
    </p>
   </div>
  </div>
 </body>
</html>
