2909 4717
463 187 760 254 PANEGYRICUS.

56 340 196 403 Venetis
212 340 351 403 domibus
369 352 458 425 raptu
481 347 638 426 stuprique
659 344 778 422 surore,

57 439 146 500 Cum
174 439 286 502 similes
305 462 409 502 omnes
427 441 466 502 od
491 447 620 525 pessima
642 442 752 504 demna
775 444 940 527 putabant3
1041 481 1044 490 ι

56 537 137 597 Non
157 539 260 601 bonor
276 551 328 601 out
345 552 427 601 oetas
446 544 549 624 potuit
569 542 730 603 defendere
750 565 956 630 quemquem,

55 637 204 718 Legibus
219 640 350 716 eversis,
366 651 449 700 certo
467 643 634 702 munimine
653 664 777 724 remm,

57 737 169 819 Vique
192 750 370 821 potestatem
385 738 503 801 telluris
526 740 590 804 sota
604 752 736 803 tenente.

56 837 155 897 Tunc
172 840 264 919 pravi
283 837 430 900 scelerum
446 840 605 922 capiebant
624 844 759 923 praemio
778 842 870 923 laeti,

58 935 195 998 iudiciis
213 938 340 998 nimium
362 940 456 1000 iustos
474 939 619 1004 damnus
642 943 764 1002 coactis.

59 1036 144 1097 Nam
166 1057 286 1097 vonum
302 1058 414 1098 nomen
431 1038 603 1099 retinebant
626 1041 818 1120 inritamus,

60 1135 257 1217 Umbroque
272 1138 403 1197 iustitiae
425 1136 516 1197 rebus
535 1137 666 1198 restabat
682 1141 794 1199 inanis.
916 1144 921 1152 '

58 1238 242 1317 Paupertas
262 1234 339 1295 nulli
356 1236 455 1297 tenuis
471 1236 613 1318 prodesse
634 1236 772 1312 valebat,

60 1336 160 1412 Quae
179 1334 259 1395 solet
280 1356 345 1395 esse
366 1334 447 1396 sulus
465 1345 622 1419 raptorum
642 1345 778 1417 tempore
800 1358 919 1419 regum.

60 1432 213 1514 Namque
226 1433 318 1494 dabat
340 1454 471 1515 poenus,
492 1444 605 1494 utnon
628 1437 797 1516 praesentia
816 1436 926 1515 ferret,

58 1533 107 1593 Et
130 1533 257 1612 stupuit
276 1552 340 1592 sese
360 1531 479 1593 damnis
500 1533 664 1594 maioribus
683 1554 766 1613 esse,

60 1633 179 1711 Quam
204 1628 309 1711 plenos
328 1630 437 1714 opibus
455 1631 545 1714 largis
569 1620 773 1715 gravibusque
788 1629 928 1692 metallis,

63 1731 216 1811 Corpore
230 1749 323 1808 nam,
343 1730 433 1812 spolii
452 1731 477 1791 si
497 1731 584 1814 eopia
598 1728 684 1790 nulle
702 1730 850 1809 dabatur,

64 1828 240 1890 Vexabent
255 1828 382 1910 vinclis,
403 1831 553 1892 vexabunt
572 1831 673 1911 stipite
696 1829 785 1890 duro.

149 1927 299 1991 Cladibus
320 1929 368 1991 bis
384 1929 508 1992 tandem
535 1929 610 1991 coeli
630 1949 681 1990 rex
699 1928 810 1991 liberat
831 1928 957 2006 orbern,

68 2030 156 2089 Cum
172 2028 352 2110 dominum,
376 2028 484 2090 melius
498 2028 551 2091 sed
566 2040 683 2112 patrem
696 2028 797 2089 dicere
812 2023 953 2110 possum,

67 2129 210 2192 Praebet
228 2128 443 2209 Anastasium,
461 2138 546 2190 tants
561 2129 671 2211 pietate
686 2129 858 2218 vigentem,

71 2230 111 2288 ln
131 2230 223 2289 cuius
236 2229 301 2291 vita
313 2231 442 2291 virtutes
462 2230 613 2289 cernimus
631 2248 748 2289 omnes.
968 2297 972 2304 ¹

70 2328 133 2390 Est
151 2328 266 2405 iustus,
283 2331 420 2412 sapiens,
441 2340 555 2404 omnis,
579 2327 746 2411 sortisque,
769 2327 916 2409 piusque,

74 2428 135 2492 Est
155 2427 309 2506 clemens,
330 2427 462 2503 stabilis,
484 2427 679 2505 moderatus,
694 2428 797 2503 mitis,
810 2426 975 2504 honestus3

73 2525 140 2605 Et,
163 2527 274 2609 loquar
288 2534 325 2588 ut
343 2527 477 2590 breviter
491 2527 575 2610 quod
593 2528 690 2588 sentio
710 2525 802 2585 corde
817 2524 873 2585 sub
887 2527 968 2601 imo,
1036 2527 1040 2534 ’

10 2623 11 2636 ’
74 2626 221 2689 Possidet
237 2626 305 2700 hic,
327 2637 465 2688 veterum
480 2625 630 2709 quidquid
650 2623 793 2685 laudetur
812 2625 846 2684 in
862 2621 960 2686 ullo·

76 2725 274 2787 Antoninum
289 2726 381 2787 huius
396 2726 509 2808 pietus,
531 2724 677 2805 supientia
699 2718 859 2798 Mar-cum,

77 2824 122 2890 Bt
142 2828 251 2887 mitem
267 2826 401 2885 Nervam
412 2823 564 2885 lenissima
578 2833 699 2905 pectoru
714 2821 860 2898 vincunt3

77 2925 318 3006 Promeruitque
331 2924 419 2985 Titus
439 2945 503 2983 non
520 2932 640 2984 tontum
661 2931 763 2982 mente
785 2920 936 3002 benigne,

80 3025 190 3092 Gloeia
204 3024 390 3107 magnanimi
414 3023 538 3083 Traiani
553 3031 683 3083 cesserat
699 3020 760 3080 isti.
868 3087 873 3098 ³

82 3124 163 3186 Nam
187 3127 256 3207 quis
272 3134 320 3184 tot
340 3123 459 3183 domuit
471 3121 560 3183 simul
576 3142 638 3181 uno
653 3122 752 3181 Marte
772 3123 942 3202 munos?

82 3222 225 3305 Rupibus
241 3222 370 3283 adverso
386 3243 461 3303 quos
476 3222 561 3282 duxit
577 3221 692 3281 isauris
708 3219 795 3298 fsto,

83 3321 171 3401 Quo's
186 3323 306 3386 bonitas
320 3323 436 3385 domiui
451 3320 651 3403 placidissima
666 3318 774 3380 oedere
786 3319 874 3379 iussit

85 3423 248 3486 Moenibus
265 3445 299 3485 ex
319 3424 424 3499 urbis,
444 3421 542 3484 voluit
562 3442 618 3482 nee
641 3419 761 3481 laedere
788 3439 931 3501 prorsus,

86 3523 237 3599 Quamvis
251 3522 429 3605 supplicium
444 3522 585 3583 debentes
606 3518 724 3584 solvere
745 3517 872 3579 mundo.

87 3619 149 3681 Sed
160 3643 222 3682 non
240 3621 291 3682 ille
315 3633 421 3702 poter,
444 3623 497 3704 qui
514 3623 641 3682 sustinet
656 3621 759 3681 omnio
778 3618 905 3698 dextra,

88 3717 191 3801 Atque
203 3723 271 3803 pari
295 3719 372 3781 libro
385 3721 455 3783 iusti
467 3729 662 3782 monuments
685 3727 841 3799 repenset,

90 3816 210 3879 Adnuit
227 3820 349 3900 impune
368 3817 542 3880 sceleratam
559 3817 695 3899 linquere
709 3826 840 3898 gentem.

90 3914 170 3976 Nam
187 3915 271 3977 lirror
290 3920 439 3979 immissus
453 3918 617 3980 commovit
640 3916 738 3976 Marte
760 3909 913 3986 nefando,

162 4032 203 4103 ὃς.
225 4067 231 4081 .
253 4070 259 4083 .
279 4070 285 4082 .
304 4033 345 4084 uit
364 4033 422 4085 eod.

1071 163 1157 279 519
