2909 4717
279 247 320 309 ru
347 235 557 311 mummi
584 245 639 310 ne
666 249 972 318 moauounus.
1073 223 1157 343 547
1205 214 1208 222 ’

83 399 182 460 Totum
203 398 251 458 hic
271 396 354 461 locus
373 401 498 479 pessime
518 411 657 481 aceeptus
676 411 721 461 est
741 401 781 461 ab
800 401 979 487 interprete,
1001 428 1090 491 quem
1104 424 1161 493 ego

83 484 128 542 sie
152 483 350 563 interpretor:
381 481 486 542 Petne
514 496 617 543 euntm
641 483 808 567 resporedt‘t:
834 485 877 546 Id
902 490 1020 572 quidem
1040 493 1161 555 namne

82 565 221 643 conubii,
250 578 408 648 propterea
437 565 518 648 qnod
538 564 635 625 Suoni
654 588 675 624 a
693 567 777 626 nobas
803 568 1068 649 madefeceram,
1095 597 1161 637 mm

87 645 163 705 Lari
182 647 264 707 imbri
286 648 439 707 seruirent.
487 647 557 707 Hoc
575 650 666 728 igitur
677 645 811 730 affirnw,
826 671 926 712 sertus
936 674 1088 714 seruorum
1108 677 1165 720 rio-

79 741 211 789 stmnrm
228 731 349 789 mturare
368 750 390 788 a
409 730 491 789 nobis
511 730 658 809 defecisse.

169 812 250 893 Peg.
278 810 345 894 ι47.
365 811 402 871 C.
423 812 456 891 [3
478 812 507 886 3,
534 810 596 894 13.]
618 805 705 890 ὅμως
728 811 757 873 δ’
774 801 992 876 οὖνέπὼτατο
1008 814 1164 897 Πέρσαις.

80 892 192 954 Scribe
218 892 396 955 donadeum.
441 833 524 953 llam
549 894 657 976 legatio
679 896 765 956 Petri
785 897 906 958 Patricii
926 898 1092 980 foedusque
1105 901 1168 962 lto-

84 996 250 1037 manorum
279 996 348 1035 eum
372 975 470 1035 Persis
498 979 657 1059 contigisse
677 979 797 1040 videtur
814 1001 894 1040 auno
912 980 963 1042 36.
985 981 1166 1062 iustiniani,

84 1069 122 1119 ut
148 1081 185 1120 ex
200 1060 263 1141 ipso
280 1058 447 1118 Menandro
466 1058 605 1140 colligere
623 1070 683 1120 est:
705 1064 758 1142 qui
779 1083 808 1144 p.
827 1061 893 1140 145.
914 1074 943 1123 et
964 1061 1032 1142 146.
1053 1064 1169 1145 scribit,

84 1137 194 1201 decem
217 1162 312 1201 annos
333 1151 407 1202 tuuc
424 1143 627 1222 praeteriisse,
658 1164 693 1203 ex
714 1163 776 1225 quo
791 1145 938 1205 Chosroes
952 1146 1095 1206 Suaniam
1117 1166 1172 1208 oe·

82 1233 265 1306 mpaverat.
308 1225 451 1283 Suaniam
472 1245 564 1305 ρονω
583 1238 724 1306 ceperant
743 1225 853 1288 Persae
874 1249 955 1288 anno
972 1228 1005 1290 6.
1027 1239 1096 1310 post
1109 1227 1173 1291 ioe-

85 1305 149 1367 dus
170 1306 395 1388 quinquennale
420 1309 529 1367 initum
553 1329 624 1367 eum
646 1308 768 1382 Persis,
797 1320 831 1369 ut
850 1309 937 1370 docet
955 1311 1122 1392 Procopius
1139 1311 1173 1372 iu

84 1385 145 1448 lib.
166 1390 199 1465 4.
220 1388 327 1465 Goth„
353 1388 443 1449 idest
468 1410 548 1450 anno
566 1389 616 1450 26.
639 1390 815 1452 lastinianir
839 1395 951 1474 quippe
973 1392 1078 1454 foedus
1096 1389 1174 1454 illud

85 1469 319 1554 quinquennale
350 1492 419 1531 eum
439 1471 538 1531 Persis
560 1473 670 1531 initum
706 1473 803 1533 linerat
827 1496 907 1535 anno
929 1493 979 1535 ao.
997 1474 1173 1555 Iustiniani,

89 1552 351 1637 quemadmodum
370 1564 497 1614 testatur
518 1553 712 1614 Marcellinus
732 1557 764 1614 in
784 1555 948 1617 Chronico.

178 1637 256 1717 Peg.
282 1634 347 1718 ¹47·
369 1636 407 1696 C.
435 1635 521 1718 [373³
549 1635 611 1719 ι7.]
636 1635 787 1697 κατέλυσε
815 1633 870 1698 τὸν
887 1640 968 1717 βίον.
1007 1638 1081 1699 Post
1100 1637 1176 1699 baec

86 1716 190 1818 ,πὺξ
208 1716 384 1779 collocanda
403 1728 473 1779 sunt
496 1739 544 1798 ee,
564 1739 643 1800 quae
656 1717 807 1780 habentur
821 1741 890 1803 pag.
911 1742 963 1806 99.
983 1723 1016 1781 in
1033 1725 1082 1782 tit.
1102 1718 1178 1803 περὶ

102 1802 256 1962 Assal’z.
268 1811 336 1944 redii.
351 1881 387 1940 A.
398 1878 490 1964 [283.
506 1878 550 1961 m]
573 1873 592 1940 d
605 1876 669 1962 γὰρ
681 1880 818 1964 ἐσφρίγα
834 1877 863 1943 oi
875 1878 910 1945 τὸ
923 1881 1028 1962 σῶμα.
1048 1881 1178 1944 Scribat

92 1959 114 2023 d
141 1962 290 2043 Κανδὶχ,
315 1963 427 2024 aaziae
467 1960 521 2042 (ου’
534 1957 592 2044 γὰρ
619 1963 757 2044 ἐσφρίγα
780 1975 838 2027 etc.
858 1976 975 2047 etpost
1005 1987 1108 2026 vocem
1122 1961 1181 2050 (iq-

93 2038 277 2126 θυμότερον
322 2044 487 2106 claudenda
513 2055 557 2104 est
585 2046 791 2127 parenthesis).
844 2048 926 2107 idem
947 2047 985 2107 de
1014 2048 1180 2108 iustiniano

96 2127 205 2189 scribit
225 2128 369 2210 Agathias
384 2130 416 2186 in
436 2126 515 2187 libio
536 2124 578 2198 5..
601 2127 688 2188 illurn
707 2128 836 2206 scilicet,
861 2131 911 2212 qui
933 2129 1006 2189 olim
1025 2128 1183 2189 bellicosis·

97 2214 195 2271 simus
214 2210 330 2287 fuerat,
352 2220 382 2271 et
403 2210 455 2291 qni
475 2209 608 2268 Ali-icam
628 2221 720 2292 atque
741 2211 856 2272 ltaliam
886 2211 1060 2292 subegerat,
1081 2212 1184 2292 ingra-

96 2304 239 2354 veseente
259 2304 356 2354 aetate
376 2291 521 2374 paulatim
538 2290 705 2353 emollitum
725 2293 834 2354 luisse:
855 2294 929 2354 adeo
950 2306 983 2353 ut
1001 2293 1124 2354 bellicos
1137 2292 1183 2352 la-

99 2374 190 2435 bores
222 2376 384 2437 formidare
415 2375 580 2435 videretur.
633 2375 768 2435 Proinde
796 2376 826 2436 id
849 2379 949 2457 potius
970 2376 1125 2447 studebat,
1148 2384 1185 2435 ut
1235 2427 1240 2434 .

101 2456 248 2519 barbaros
267 2460 345 2519 inter
375 2479 406 2517 se
425 2459 642 2530 committeret,
673 2457 820 2538 donisque
829 2459 981 2517 interdum
992 2479 1097 2540 paoem
1113 2455 1184 2517 red·

103 2539 224 2601 imeret.
262 2539 468 2618 Quamobrem
496 2537 523 2599 le
544 2541 625 2598 iones
647 2540 783 2598 imminui
808 2562 842 2599 ae
860 2540 959 2599 delabi
973 2543 1121 2620 patienter
1140 2539 1220 2603 se-P.
1238 2548 1294 2603 ns

105 2622 218 2697 rebat,
240 2623 364 2703 perinde
386 2623 462 2682 acsi
486 2562 563 2682 nulli
578 2621 717 2702 deinceps
740 2623 807 2680 usui
825 2622 942 2681 litturae
960 2632 1069 2682 essent.
1099 2620 1188 2682 »Nam

105 2702 884 2867 αὶηι7777
900 2701 1189 2845 7777

454 2829 463 2860 ‚
887 2827 895 2843 ,
1173 2817 1190 2832 .

106 2866 191 2931 bant.
235 2870 281 2929 lta
303 2869 391 2929 valde
412 2869 525 2928 accisae
548 2880 578 2928 et
601 2869 779 2928 imminutae
806 2877 893 2928 erant
915 2868 1120 2926 Romanorum
1135 2887 1191 2926 co-

107 2955 174 3033 piae
205 2952 355 3033 Prineipis
381 2948 581 3032 negligentia,
614 2971 674 3032 qua
702 2971 770 3010 mox
792 2951 847 3031 ipsi
865 2950 1012 3010 Praefecti
1036 2949 1192 3009 Praetorio

106 3034 196 3095 abusi
217 3035 255 3094 ed
284 3043 423 3116 quaestus
439 3034 593 3113 proprios,
624 3035 734 3113 partim
763 3031 908 3113 stipendio
923 3031 1049 3091 militem
1072 3029 1193 3093 bauda-

110 3115 205 3197 hant,
228 3121 338 3199 partim
359 3118 453 3177 serius
473 3114 694 3195 persolvebant.
735 3115 818 3174 Haeo
839 3115 994 3195 Agathias.

194 3203 275 3280 Peg.
299 3220 367 3259 roo.
391 3200 426 3258 B.
447 3197 532 3281 1283,
560 3196 617 3279 tu]
646 3194 685 3256 od
705 3191 766 3275 γὰρ
790 3197 893 3280 πολλῷ
919 3190 1061 3272 ὕστερον.
1110 3194 1194 3257 Haec

111 3284 212 3361 prima
227 3282 334 3364 legatio
355 3282 492 3342 Avarum
507 3277 799 3360 Constantinopolim
826 3281 963 3340 introisse
981 3279 1094 3339 dieitur
1112 3299 1194 3340 anno

110 3366 165 3425 30.
186 3366 344 3427 Iustiniani
368 3366 400 3423 in
413 3364 492 3425 libro
505 3361 563 3422 16.
573 3362 715 3422 historiae
736 3360 897 3422 Miscellae.
939 3362 1120 3424 lastinianus
1138 3383 1195 3421 au·

113 3457 177 3506 tem
198 3469 215 3508 e
236 3450 297 3509 rita
312 3448 437 3508 decessit
455 3467 536 3506 anno
549 3443 600 3523 4ο.
621 3447 750 3526 imperii.
791 3445 850 3504 Sed
869 3446 898 3503 in
918 3442 1042 3505 historia
1060 3443 1196 3504 Miscella

117 3549 235 3589 annum
253 3531 342 3590 huius
358 3530 514 3612 legationis
528 3527 675 3588 Avarieae
690 3525 768 3587 male
783 3529 925 3607 assignari
945 3530 1096 3587 existimo:
1119 3529 1197 3605 qua·

118 3614 439 3754 iuliiifflli‘
454 3609 916 3772 lffitttffltiatld
928 3604 1198 3771 &Attii

121 3739 304 3850 Abammm’,
319 3777 397 3835 unde
409 3789 566 3849 venerant,
578 3776 663 3854 sarit
676 3736 749 3852 (lic).
795 3771 883 3850 Quae
896 3784 996 3831 tamen
1013 3770 1106 3829 verba
1120 3767 1197 3827 rele-

118 3857 217 3917 renda
238 3859 338 3938 potius
356 3869 425 3917 sumt
443 3858 481 3917 ad
498 3857 659 3918 secundam
683 3858 822 3917 Abarum
839 3855 1038 3935 legationem,
1072 3851 1111 3910 de
1138 3869 1199 3931 qua

123 3939 291 4000 Menander
310 3959 379 4021 pag.
399 3961 466 4000 ior.
487 3941 527 3999 A.

25 4083 28 4094 ,
207 4021 284 4102 Peg.
310 4043 376 4082 roo.
400 4023 434 4081 B.
456 4021 545 4103 [283‚
572 4019 630 4102 rep]
663 4021 726 4081 τῶν
742 4013 914 4098 βασιλικῶν
935 4008 1201 4095 μαχαιροφόοων.

125 4103 293 4178 Menander
314 4105 399 4165 initio
426 4103 496 4163 libri
506 4103 537 4163 8.
568 4104 605 4161 de
628 4102 734 4162 eodem
750 4098 912 4162 Valentino
932 4096 1079 4178 loquens,
1102 4071 1147 4167 ele
1164 4094 1201 4157 dl
