2909 4717
301 175 388 295 576
586 203 756 270 aurumi
786 201 926 270 manat
952 200 1092 272 sonia

298 362 348 426 Dc
368 359 465 424 Philia
488 358 566 424 nihil
595 361 704 423 addam
727 359 768 422 ad
787 383 840 434 ca,
874 382 952 444 quae
971 359 1157 445 collegerunt
1175 363 1239 428 duo
1264 362 1397 428 emeca

297 467 368 508 cum
391 447 496 527 primis
515 444 617 506 iudicii
638 449 805 527 scriptores,
830 445 1035 527 Hieronymus
1061 445 1163 508 Surita
1184 448 1218 508 in
1239 451 1328 508 notis
1352 449 1396 511 ad

298 529 491 590 itinerarium
510 529 678 604 Antonini,
698 539 728 589 et
749 525 897 590 Henricus
914 526 1051 588 Valesius
1069 529 1101 592 in
1120 530 1330 592 animadvers.
1348 531 1392 593 ad

297 611 447 693 Excerpta
459 612 555 672 Prisci
570 611 659 672 Ilhet.
680 632 713 693 p.
723 609 794 672 208.
812 610 950 672 editionis
966 613 1075 692 regiae.

374 695 452 776 Pag.
469 696 514 756 13.
532 694 570 756 C.
581 692 746 778 [466‚23.]
757 695 897 756 Libantbs
911 696 1121 778 praestigiator
1137 708 1225 779 utque
1241 695 1390 780 infidelit.

299 777 383 840 llaec
409 778 448 839 ad
468 798 582 839 aunum
606 775 679 856 4²¹·
702 779 826 838 omnino
844 779 1013 859 pertinent,
1031 797 1103 874 ‘quo
1125 777 1323 840 Constantius
1342 780 1386 840 ab
1439 841 1440 852 ,

300 860 439 922 Honorio
457 861 595 943 Augusto
611 862 644 920 in
663 864 908 921 communionem
930 859 1054 921 honoris
1073 871 1164 943 atque
1183 861 1305 943 irnpesii
1332 863 1386 925 die

297 942 331 1006 8.
350 943 508 1006 Februarii
533 954 672 1020 evectus,
701 943 838 1004 nondum
857 942 964 1023 elapsis
987 955 1100 1024 septem
1121 946 1277 1006 mensibus
1300 949 1384 1006 inte-

296 1028 379 1108 gris,
399 1028 449 1087 die
463 1026 594 1088 secunda
607 1026 790 1107 Septembris
805 1026 964 1088 demontus
982 1037 1042 1105 est,
1067 1038 1102 1088 ut
1124 1048 1159 1088 er
1180 1026 1382 1111 Theophanis

299 1109 452 1171 Chronico
468 1107 559 1191 paulo
571 1119 641 1169 ante
654 1109 846 1172 docebamus.

380 1193 458 1274 Pag.
479 1192 526 1253 ιδ.
541 1192 579 1252 C.
595 1190 681 1290 leiim,
699 1189 742 1289 n]
755 1183 973 1264 Κωνστᾶντιος
986 1182 1140 1269 Ἰλλυριὸς
1162 1176 1201 1270 ἦν
1225 1185 1261 1252 td
1287 1192 1380 1273 γένος

297 1270 360 1336 aiud
375 1273 544 1338 Παναίσου
567 1277 684 1345 aniame
705 1295 758 1354 της
783 1272 922 1347 Katane.
964 1277 1043 1358 Lege
1059 1293 1126 1333 meo
1146 1274 1286 1356 periculo
1315 1267 1378 1336 riui

297 1356 434 1435 Narbon,
456 1360 533 1436 sive,
552 1357 629 1419 facta
649 1356 829 1439 diphthongi
847 1356 1007 1436 solutione,
1037 1354 1163 1418 Ναΐσου
1185 1350 1309 1429 πόλεως
1324 1359 1379 1439 τῆς

294 1438 427 1511 Δακίας.
468 1442 606 1516 Naesus,
627 1441 689 1501 sive
704 1441 829 1517 Nebna,
848 1441 994 1517 Naissus,
1011 1451 1065 1501 aut
1083 1439 1210 1500 Naissus
1225 1440 1377 1523 plerisque

296 1534 435 1585 veterum
446 1536 518 1586 nota
535 1525 658 1585 civitas:
678 1523 840 1584 Ammiano
856 1524 1030 1586 Marcellino
1054 1533 1120 1584 tum
1146 1522 1203 1583 lib.
1225 1524 1291 1600 26,
1311 1536 1376 1588 urm

296 1610 425 1668 maxime
448 1628 524 1680 aa,
543 1606 724 1668 ubidicitur
756 1608 903 1690 copiosiori
918 1608 1059 1692 oppidum
1074 1619 1103 1666 et
1122 1608 1230 1666 civitas
1250 1610 1375 1676 crium

293 1854 448 1918 Panaenus
461 1878 535 1918 vero
554 1858 679 1931 civitas,
695 1868 776 1917 utet
795 1794 897 1916 Caelii
904 1857 1060 1939 provincia
1073 1855 1104 1914 in
1121 1852 1257 1937 illyrico,
1276 1859 1374 1932 omni7

293 1938 353 2002 bus
375 1941 554 2022 incognitae.
596 1940 734 2002 Naissum
759 1941 837 1999 inter
855 1939 1011 2024 Pompeios
1030 1949 1060 1998 et
1074 1939 1293 1998 &massonam
1312 1939 1373 2000 col-

293 2019 375 2083 locat
394 2023 542 2086 Antonini
561 2023 777 2101 itinerarium,
815 2023 1003 2105 Moesiaeque
1034 2021 1156 2082 videtur
1184 2022 1372 2102 adscribere,

295 2104 321 2163 si
344 2127 423 2186 quae
454 2106 527 2165 tides
562 2105 672 2165 additis
699 2106 739 2165 nd
764 2126 850 2164 oram
881 2104 950 2166 libri
979 2108 1011 2166 in
1038 2104 1168 2165 editione
1194 2104 1371 2185 Simleriana

293 2188 518 2267 provinciarum
549 2188 732 2248 nominibus.
780 2187 947 2269 Stephanus
978 2189 1160 2330 Bffnfim'
1190 2209 1244 2249 seu
1273 2191 1369 2270 potita

294 2269 358 2330 eius
371 2269 524 2330 breviator
545 2269 747 2347 Hermolaus,
770 2271 918 2332 Thraciae
938 2273 991 2332 via
1016 2274 1093 2331 'cati
1122 2268 1266 2342 Ναίσσος
1283 2266 1369 2344 πόλις

296 2347 435 2436 θρᾴκης,
460 2347 576 2428 κτίσμα
608 2349 665 2416 καί
689 2352 804 2433 πατρίς
831 2353 1074 2416 Κωνσταντίνου
1106 2351 1166 2413 τοῦ
1198 2354 1365 2429 βασιλέως

292 2434 376 2516 quod
394 2434 535 2496 ultimum
559 2436 597 2496 de
618 2435 711 2496 natali
729 2436 807 2497 urbe
827 2438 930 2520 Magni
954 2434 1142 2497 Constantini
1164 2432 1304 2517 plauibus
1321 2457 1368 2496 ar-

292 2521 443 2600 gumentis
464 2518 641 2581 corroborat
656 2520 697 2580 V.
712 2519 749 2580 C.
772 2520 920 2580 llenricus
940 2517 1078 2580 Valesius
1095 2521 1126 2578 in
1143 2522 1225 2579 notis
1242 2518 1282 2579 ad
1294 2519 1367 2582 Am.

292 2601 440 2663 mianum.
483 2604 550 2685 Ego
574 2624 647 2663 vero
671 2605 777 2664 ceteris
805 2602 1032 2684 praeferendam
1061 2601 1194 2662 arbitror
1211 2602 1366 2685 Olympio,-

293 2684 466 2747 dorinostri
483 2687 680 2759 sententiam,
712 2689 765 2767 qui
785 2687 925 2747 Naissum
943 2688 974 2746 in
1001 2686 1095 2745 Dacia
1116 2684 1264 2762 collocat3
1288 2705 1368 2763 nm,

292 2779 328 2828 ut
348 2768 423 2829 nibil
440 2769 539 2830 diuam
554 2770 592 2829 de
606 2770 764 2830 itinerario
779 2769 991 2851 Burdegalensi
1007 2790 1026 2828 a
1042 2769 1133 2829 Petro
1156 2767 1287 2828 Pithoeo
1307 2770 1366 2850 pri·

291 2871 377 2913 mum
401 2851 507 2928 edito,
531 2852 584 2913 ubi
607 2853 636 2912 in
660 2852 770 2912 linibus
788 2852 900 2916 Daciae
918 2852 1047 2934 Mysiam
1062 2853 1189 2912 interae
1212 2851 1367 2912 Thraciam

290 2937 428 3016 ponitur,
451 2937 686 2998 controversiam
706 2956 827 2996 omnem
850 2934 961 2995 decidit
978 2933 1131 2995 Hierocles
1150 2935 1368 2996 Grammaticus

291 3018 326 3078 in
348 3019 442 3079 veteri
455 3021 683 3100 provinciarum
697 3019 913 3099 civitatumque
926 3018 1051 3079 Notitia.

372 3129 525 3215 Ἐπαρχία
549 3131 671 3208 Δακίας
694 3130 859 3213 μεσογείου
876 3125 940 3192 tut
961 3125 1183 3213 κονσουλόριον
1196 3127 1304 3208 πόλεις
1317 3124 1350 3195 a'.

552 3227 692 3315 Σαρὸικὴ
720 3225 919 3315 μητρόπολις.

550 3316 735 3378 naorath.

544 3396 575 3459 Γ
573 3393 683 3479 nontin.

545 3480 698 3553 Ναίνσος.

540 3557 739 3640 ‘Praecidam

187 3664 221 3719 V·
228 3661 278 3724 ²⁰5
287 3675 391 3760 Neque
409 3679 541 3738 otiosum
567 3677 700 3739 fortassis
722 3679 812 3740 suerit
829 3677 957 3754 addere,
983 3676 1066 3761 quod
1085 3680 1245 3742 mactavit
1266 3679 1366 3741 Hiero·
1436 3667 1437 3706 A

286 3782 397 3845 nyrnus
418 3761 520 3822 Surita
541 3760 580 3821 ad
600 3761 748 3822 Antonini
766 3764 980 3823 ltinerarium:
1002 3761 1149 3823 Cedrem
1164 3763 1366 3824 denebelbone
1436 3811 1437 3846 ,

254 3843 874 3989 usae
893 3843 1365 3990 enecassem

284 3934 490 4081 blidegllbbdic
520 4024 700 4086 recensetur,
720 3972 809 4089 some
826 4033 886 4095 pm
909 4005 1068 4081 Ναίσσοςι
1101 4013 1151 4071 cui
1170 4012 1365 4109 adumgunav·
1436 3979 1437 4018 A

288 4087 1363 4179 UtpanuozeiSnpt321ad1rmsNaztscadiwtsieSapsas‚sm
