2909 4717
328 237 373 302 ru
400 229 586 299 nemeis
612 227 909 328 cimonem.
1074 194 1156 314 57¹

211 394 309 456 Huiru
313 395 470 474 smerdes
481 393 637 453 comeso
647 390 767 474 palatia
783 388 921 486 How,

250 479 426 539 Primaevus
438 478 544 548 numi!
557 473 707 558 Principis
726 493 779 534 ore
874 512 884 531 .

208 560 340 622 &wat
354 576 422 621 ante
517 559 646 643 :pondos
660 577 719 640 pro
734 575 770 616 eo
873 551 1003 629 Poenos,

249 645 394 729 Aequalis
437 647 629 724 ymemr
646 659 785 726 mnusque
793 640 873 719 ficit.

80 756 192 818 Albini
223 760 363 841 praefecti
390 760 475 821 urbis
502 761 638 821 meminit
664 759 804 839 antiquus
830 755 945 816 Romae
964 752 1067 837 lapis,
1089 764 1163 821 teste

79 841 248 927 Onuphrio
269 847 301 903 in
320 846 541 906 commentariis
558 844 597 904 ad
617 839 729 901 librum
750 842 873 900 tertium
890 839 1076 900 Fastorum:

356 984 396 1049 D.
432 983 473 1044 Ν.
502 984 580 1044 FL.
610 980 895 1042 incluto*

277 1095 335 1146 1³10
359 1095 469 1148 mici
491 1095 631 1145 merom
653 1094 697 1142 Ac
720 1089 982 1143 minuensrom

424 1196 594 1246 esurus
630 1189 832 1244 incusso

144 1315 409 1377 CAECINA
448 1314 669 1376 DECIUS
717 1311 971 1374 ALBINUS
1001 1311 1042 1373 V.
1070 1311 1108 1374 G.

238 1428 447 1478 resumeres
478 1428 561 1476 unu
595 1428 674 1475 vicu
706 1425 814 1474 sscni
844 1424 1002 1474 lunicius
1157 1421 1162 1430 '

308 1528 461 1580 neturus
484 1526 610 1578 nunus
634 1526 843 1594 utrumne.
868 1524 953 1574 urus.

175 1644 250 1728 Peg.
264 1667 297 1728 9.
315 1648 350 1707 B.
372 1647 459 1731 [459‚
476 1646 521 1729 3.]
549 1646 598 1706 De
624 1643 739 1706 Ataulfi
759 1665 832 1705 nece
858 1648 981 1726 eiuspue
1000 1655 1170 1705 summonte

85 1728 194 1790 Vallia
225 1730 371 1808 Orosius,
406 1728 647 1811 Philostorgius‚
685 1727 816 1806 ldatius,
850 1727 1009 1806 Iordanes,
1037 1727 1169 1787 Chroni-

85 1833 151 1872 con
160 1811 414 1890 Alexandrinum,
436 1811 551 1873 Paulus
573 1811 811 1894 Longobardus‚
833 1811 976 1886 Isidorus,
998 1831 1114 1893 nosque
1133 1814 1259 1889 exhod
1310 1815 1315 1826 '

84 1897 127 1955 iis
149 1894 274 1975 aliisque
294 1894 442 1957 historicis
461 1898 496 1954 in
515 1895 665 1955 Chronico
685 1915 783 1956 novae
801 1897 925 1960 Rornae.
965 1895 1082 1954 Verum
1103 1913 1173 1954 cae—

90 1977 143 2037 dis
183 1977 264 2037 iliius
283 1992 435 2039 auctorem
455 1978 593 2039 Dubium
620 1978 756 2038 Gothum
791 1977 994 2060 plurimasque
1025 1973 1174 2057 περιστά-

86 2080 159 2131 σεις
179 2059 400 2142 Olympiodoro
425 2073 530 2122 nostru
544 2061 656 2122 debe'nt
671 2063 857 2143 antiquitatis
878 2061 1021 2136 studiosi,
1044 2071 1078 2118 ut
1092 2075 1171 2141 quae

85 2141 129 2202 de
148 2143 316 2225 Singerichi
336 2145 465 2206 barbara
485 2143 661 2205 crudelitate
676 2143 822 2225 brevique
843 2155 956 2226 septem
978 2143 1095 2203 dierum
1116 2143 1176 2200 im-

86 2228 180 2307 perio
200 2228 360 2288 subnectit.
403 2226 548 2288 Iordanes
568 2227 651 2288 aliud
672 2227 872 2288 interfectoris
893 2247 1003 2286 nomen
1025 2215 1176 2306 aliamque

84 2322 241 2371 ‘memorat
254 2332 375 2371 causam
395 2314 488 2388 necis,
509 2310 556 2371 his
566 2312 667 2371 verbis
683 2333 692 2370 τ
717 2311 816 2370 Tertio
834 2331 914 2370 armo
929 2322 1085 2396 postquam
1096 2307 1174 2367 Gal*
1257 2355 1259 2359 ,

89 2389 151 2450 lios
163 2391 383 2480 Hispaurusqroe
398 2395 573 2468 domuisset,
595 2394 725 2454 occiderit
741 2393 843 2474 gladio
855 2394 908 2453 illu
920 2394 1075 2477 perfetum
1094 2390 1175 2454 Ver*-

90 2475 189 2562 tiulfi,
208 2477 246 2536 de
262 2479 342 2537 eeu'us
359 2478 460 2538 solides
473 2491 538 2537 emt
551 2477 648 2537 ridere
660 2489 780 2543 statim.
1162 2487 1166 2498 '

178 2558 255 2640 Pug-
270 2580 304 2641 9.
325 2558 549 2643 C.[459‚13.]
569 2560 766 2641 Surgericluu‚
790 2559 864 2617 Sari
871 2559 987 2637 frater.
1027 2555 1178 2635 Corrupto

88 2660 170 2701 voce
190 2643 220 2700 in
243 2643 379 2704 Gothicis
413 2643 548 2703 lordonis
569 2642 748 2725 Originibus
844 2644 936 2714 rinus,
968 2640 1099 2714 Orosio,
1122 2637 1178 2695 lsi*-

91 2723 172 2784 doro
192 2724 317 2807 aliisque
344 2725 450 2786 melius
478 2726 641 2805 Segericru
659 2726 723 2783 sive
808 2726 893 2783 ,ricus
922 2723 1053 2796 dicitur,
1084 2719 1176 2800 querit

91 2807 232 2888 plerique
257 2809 298 2868 ob
325 2811 465 2890 exiguum
492 2811 635 2889 temporis
663 2806 857 2867 intervallum
885 2827 919 2865 ex
943 2804 1013 2865 albo
1040 2802 1177 2884 Vesogo·

94 2889 222 2952 thorum
243 2913 349 2973 regum
370 2901 553 2973 expungunt.
584 2888 708 2950 Παιδία
723 2889 810 2971 lege,
830 2909 893 2950 non
914 2881 1048 2947 naldtn.¹
1152 2903 1168 2918 ··

180 2974 256 3054 Pag.
275 2997 307 3056 9.
323 2977 364 3033 D.
379 2974 465 3059 [459,
485 2972 550 3056 rb]
570 2972 703 3054 Sigesari
727 2974 887 3056 episcopie
908 2972 985 3030 sinu.
1028 2968 1114 3050 Ipsus
1129 2964 1180 3028 ille

94 3058 220 3118 videtur
249 3057 420 3118 Gothorum
452 3058 608 3139 episcopus
636 3057 817 3136 signarius,
846 3056 899 3136 qui
918 3064 995 3113 teste
1014 3052 1181 3112 Sozomeno

95 3140 152 3201 lib.
179 3163 252 3223 9.c.
271 3140 410 3201 similiter
425 3161 457 3221 9.
480 3138 604 3199 Alarico
632 3141 694 3219 regi
718 3139 890 3198 carissimus
918 3138 1009 3198 sacris
1036 3134 1181 3216 baptismi

95 3225 189 3285 unde
210 3223 383 3284 Christiano
402 3226 465 3284 ritu
487 3223 624 3284 abluerat
645 3220 784 3280 Attalum
815 3231 846 3281 et
872 3218 1010 3281 Arrianis
1029 3239 1113 3301 spem
1134 3217 1180 3278 fa..

95 3309 209 3385 ciebat,
230 3317 278 3381 ut,
299 3310 324 3367 si
343 3309 369 3366 is
383 3307 505 3366 firmum
522 3306 671 3366 'obtineret
688 3304 859 3385 imperium,
876 3303 908 3364 in
926 3303 1069 3377 ecclesiis,
1092 3299 1181 3362 sicuti

97 3391 265 3451 Constantii
281 3401 312 3450 et
330 3387 468 3451 Valentis
488 3400 641 3470 tempore,
671 3389 836 3468 primatum
856 3387 1038 3448 obtinerent.
1164 3419 1169 3430 ι

183 3472 258 3553 Ρας.
277 3493 322 3534 10.
337 3475 374 3538 B.
390 3471 482 3558 [dom
504 3470 554 3555 o..]
576 3471 733 3531 Valerium
754 3469 905 3531 Thraciae
925 3471 1111 3553 praelectum
1131 3466 1182 3525 su-

99 3555 160 3616 isse
179 3558 344 3636 imperante
364 3558 541 3618 Constantio
568 3564 599 3614 et
619 3554 784 3614 abeodem
803 3552 923 3615 effossus
940 3564 1095 3636 argenteas
1120 3557 1182 3609 su-

97 3647 190 3714 tuas,
210 3649 246 3696 ut
264 3639 351 3700 facile
371 3640 568 3701 concesserim
576 3637 814 3719 Olympiodoro,
839 3639 881 3700 itu
902 3636 1012 3698 falsum
1032 3651 1096 3694 esse
1119 3627 1184 3689 exi·

99 3723 206 3797 ntimo,
235 3721 318 3800 quod
335 3724 472 3783 subiicit:
498 3744 534 3782 eo
553 3722 683 3802 primum
697 3731 833 3803 tempore
848 3731 878 3780 et
893 3720 951 3779 bec
972 3718 1129 3792 occasione
1149 3713 1184 3772 in

102 3803 267 3864 Thraciam
280 3805 412 3885 erupisse
429 3805 558 3865 Gothos.
600 3804 752 3865 Discimus
771 3808 850 3863 enim
873 3823 908 3862 ex
930 3800 1075 3860 historico
1096 3795 1185 3867 Ano-

102 3906 217 3968 nymo‚
241 3887 327 3946 euius
353 3899 489 3968 excerpta
514 3884 662 3969 quaedam
687 3887 726 3946 de
752 3886 842 3946 rebus
865 3883 968 3965 Magni
995 3878 1192 3941 Constantini·

102 3968 888 4115 ffitttittttltttlttttittttttt
901 3962 1186 4109 &illiciis

102 4134 168 4200 dice
186 4136 253 4199 Ms.
276 4136 315 4198 R.
330 4137 367 4198 P.
388 4137 489 4200 lacobi
503 4134 678 4199 Sirmondi=
697 4133 775 4195 Item
787 4149 853 4196 aute
874 4131 1077 4194 ouum
1093 4129 1186 4193 lites·
