2909 4717
477 207 505 273 ε
532 204 687 273 usteru
718 207 923 275 ursroara
1152 185 1237 301 273

11 343 12 356 ¹
114 360 175 449 τῇ
205 355 369 442 βασιλίδι,
389 361 573 444 τριβομένης
592 357 689 448 σφισί
723 356 924 447 η’ςόμιλίας,
944 365 1002 428 καί
1020 365 1080 428 τού
1098 361 1236 442 κάλλους

115 458 258 525 αἴτιόν
277 452 336 522 orla
364 457 597 543 εύπαροδεύτου
628 386 731 544 inab,
760 451 859 547 ἄμφω
883 455 1026 546 ἇλληλων
1045 456 1236 552 εἐτόπωςῆ-

11 601 12 640 η
117 583 239 646 ρων.
283 554 393 645 ρ’ίιμεις
420 551 479 624 σύν
510 556 664 640 όμμύτων
693 562 743 624 ἐπ’
762 558 918 644 ἀλλήλους
942 562 1077 643 ἐγίνοντο
1096 566 1153 629 καί
1172 589 1236 629 παι·

121 659 343 746 ρεαιστροφαί
377 666 519 741 συνεχεῖς
549 656 727 744 προσοίκων
766 656 823 723 καί
852 658 1072 741 μειδιαμάτων
1098 657 1236 742 μεταδόι

98 762 236 838 5σεις,
284 758 381 833 πόνος
406 779 440 821 τε
468 754 550 838 μετὰ
571 760 674 823 ταῦτα
696 753 810 844 ἔρωτος
842 758 893 823 ὑπ’
920 748 1002 840 iao
1028 754 1235 843 στεγομόνου.

125 857 220 922 ἐπεί
238 857 274 922 dd
302 855 528 938 κοινωσόμενοι
547 852 582 920 τό
610 848 715 933 πόθος
733 854 859 941 Δανιὴλ
879 854 1021 946 εύνούχιρ
1042 861 1097 923 καί
1116 863 1235 951 Μαρία

11 1023 12 1026 ¹
123 957 228 1044 μαίᾳ
258 952 389 1020 ίόσοντο
424 956 516 1018 τοῦτο
544 948 638 1035 μόλις
657 957 696 1042 τῇ
718 957 775 1038 τῆς
793 952 909 1036 μίξεως
928 956 1071 1044 ἰατρείᾳ,
1092 960 1235 1043 Ζηνωνίς

125 1056 338 1123 Βαοιλισκον
367 1050 423 1118 διό
449 1055 590 1128 θωπείας
619 1046 677 1136 ἦγε
696 1054 755 1118 τού
784 1055 840 1120 τόν
860 1052 997 1142 ε’ρμσεῆν
1024 1054 1114 1139 ἔχεινι
1141 1058 1176 1123 ἐν
1194 1059 1236 1145 τῇ
1287 1122 1289 1129 ,

128 1149 236 1219 πόλει
255 1151 296 1218 τύ
317 1161 481 1238 πρωτεῖα.
515 1148 599 1237 όρεύν
619 1153 655 1219 δὲ
678 1153 874 1238 Θευδύριχος
902 1152 1079 1236 τιμώμενον
1098 1154 1135 1219 ἐκ
1153 1150 1235 1221 πόν-

82 1276 211 1319 εοτων
223 1250 392 1339 Ἀρμότον,
412 1244 567 1337 ἤσχαλλεν
586 1247 631 1329 τός
643 1252 981 1337 παρευδοκιμοόμενος
998 1254 1034 1317 la
1054 1256 1143 1338 νέου,
1157 1270 1234 1342 ’τριι

128 1354 212 1436 χῶν
239 1352 339 1434 μόνον
365 1348 502 1436 καὶτῆς
533 1341 631 1435 όλλης
661 1350 882 1436 φροντίζοντος
909 1353 1113 1433 σωμασκιας.
1163 1350 1233 1420 o‘d‘
1339 1432 1344 1447 Ι

123 1449 300 1537 Ἀρμύτος
327 1446 361 1514 ἔκ
379 1472 415 1516 τε
442 1452 547 1538 φορεῖς
564 1447 741 1534 χρημάτων
768 1450 823 1515 καί
840 1454 933 1536 τιμῆς
951 1443 1088 1518 όπλίτου
1120 1476 1232 1540 ruom-
1317 1430 1327 1473 τ

130 1549 232 1634 θείς,
252 1545 368 1615 ούδένα
388 1541 487 1614 ούτού
506 1540 582 1638 ᾤετο
602 1550 734 1614 διοίσειν
754 1549 802 1613 a’rr'
823 1549 964 1640 α’νδρείηι.
1005 1549 1062 1616 καί
1079 1555 1229 1618 τοσούτον

134 1651 245 1715 norro
264 1644 320 1733 ἥδε
342 1644 362 1733 ἦ
382 1642 444 1735 ύλη
464 1648 645 1733 ἐπεκρότει,
666 1642 709 1723 ὥς
729 1644 845 1734 σκευήν
867 1648 1099 1733 οἷναλαμβύνειν
1116 1649 1191 1734 ’Agr
1221 1670 1226 1681 ·

85 1748 242 1831 ιὸλέως,
284 1741 367 1813 ούτω
380 1770 416 1812 τε
437 1745 629 1833 περιβαίνειν
642 1747 688 1824 είς
708 1747 878 1813 innovanti
897 1745 978 1813 κατὰ
998 1746 1055 1814 τόν
1073 1745 1189 1836 ἱππόδρ

133 1871 202 1930 μον
234 1842 539 1934 φρούττεσθαι,του”
566 1841 675 1910 οἴκου.
723 1845 816 1930 όξῆρε
836 1848 873 1912 δὲ
892 1850 1003 1912 τούτου
1028 1850 1126 1914 πλείω
1146 1847 1228 1933 πρός
1334 1840 1337 1844 ’
1422 1832 1429 1877 ’·

135 1942 292 2030 τοιαύτην
313 1945 410 2022 δόξαν
427 1946 602 2026 μαίνεσθαι
620 1940 655 2010 τό
678 1939 740 2009 ind
766 1944 871 2030 δημοο
886 1943 1051 2032 σύρφακος
1070 1949 1105 2013 ἕν
1123 1948 1226 2034 εύφη·

133 2047 227 2128 μίαις
249 2044 479 2109 domatione
496 2036 657 2128 Πύόρον.
706 2037 744 2119 ός
763 2047 795 2109 εἰ
810 2044 871 2126 μὲν
884 2038 988 2120 ούτως
1007 2041 1085 2129 ἐβόα
1108 2043 1163 2111 διὰ
1185 2044 1222 2112 τό

135 2138 427 2228 ἐρυθρεπρύσωπον
446 2135 528 2207 εἶναι
535 2193 546 2225 ,
566 2140 670 2226 ἔλεγεν
690 2141 816 2208 είκότα·
871 2144 905 2208 ελ
920 2145 949 2208 δ’
969 2143 1014 2222 σός
1033 2142 1113 2230 πρός
1132 2141 1226 2212 ἔσται·

85 2266 190 2312 πονου
209 2243 378 2328 ἀνδρείας,
410 2237 536 2324 ἔθελγεν
556 2240 599 2318 οἷς
619 2243 706 2306 νέον.
748 2239 788 2306 ού
807 2241 868 2329 γὰρ
889 2237 997 2330 ἥρωας
1016 2240 1158 2329 ἔβαλλεν,
1178 2244 1224 2325 οός

132 2338 290 2431 Πύρρος,
310 2338 391 2409 α’λλό
411 2338 607 2427 γυναιμανῆς
626 2334 675 2430 ἦν,
695 2339 740 2420 οός
759 2337 891 2430 Πύρις.
932 2345 1020 2412 Sati.
1040 2368 1067 2411 ε.
1085 2369 1119 2411 υ.

131 2526 170 2581 do
188 2525 294 2581 diutius
311 2524 423 2582 duraret
441 2534 471 2581 et
487 2528 633 2597 utriusque
650 2527 737 2581 forma
753 2545 811 2583 nou
824 2527 942 2597 vulgaris
955 2536 1041 2594 esset,
1061 2527 1143 2583 ambo
1160 2545 1224 2585 mu·

130 2606 183 2652 tuo
199 2613 292 2651 amore
308 2597 486 2651 vehementer
503 2597 598 2652 ardere
616 2604 777 2669 coeperunt.
814 2597 915 2650 Oculos
931 2599 1016 2668 igitur
1035 2600 1066 2653 in
1090 2616 1120 2652 se
1139 2599 1223 2655 vicis-

133 2669 187 2720 sim
204 2668 408 2732 eoniieiebaut,
433 2677 463 2722 et
480 2667 574 2721 vuitus
592 2669 713 2722 subinde
732 2666 944 2731 oourertebaut,
967 2675 996 2719 et
1011 2669 1085 2720 inter
1102 2684 1132 2722 te
1149 2670 1223 2721 arri-

132 2737 245 2792 debant
289 2738 360 2792 lilne
378 2746 470 2792 autern
490 2738 621 2792 dolores
639 2754 731 2790 amore
749 2745 830 2789 uatus
848 2737 927 2793 vultu
955 2737 1035 2806 tegeb
1098 2775 1105 2790 .
1150 2739 1222 2794 cum

132 2817 225 2863 natm
244 2827 324 2863 suurn
341 2809 466 2863 morbum
484 2807 594 2863 Danieli
611 2806 737 2862 eunuebo
755 2815 784 2861 et
801 2808 904 2861 Mariae
922 2806 1038 2862 obstetri
1103 2808 1222 2862 eeiaras-

131 2888 209 2943 aeut,
228 2888 256 2932 et
272 2879 347 2934 hune
364 2881 423 2950 ipsa
440 2883 528 2932 coitus
546 2877 684 2932 medicina
701 2880 747 2931 rix
764 2885 920 2942 sanassent,
945 2879 1061 2931 Zenonis
1087 2879 1220 2933 Basilisco

130 2949 254 3002 blandiri
271 2953 378 3020 eoepit,
396 2961 428 3006 ut
446 2958 551 3003 amator
568 2950 720 3019 principem
738 2948 768 2999 in
786 2946 855 3002 urbe
870 2949 960 3001 locum
974 2954 1088 3002 teneret
1124 2947 1219 3003 Theo·

131 3019 240 3073 dorieus
265 3029 356 3073 autem
384 3020 620 3087 animadvertens,
650 3020 790 3071 Armatam
817 3018 851 3071 ab
881 3018 1010 3073 omnibus
1038 3019 1109 3083 coli,
1140 3018 1218 3090 quod

130 3091 217 3162 gioria
235 3099 410 3161 superaretur
425 3091 461 3144 ab
479 3090 670 3153 adolescente,
687 3089 735 3161 qui
754 3089 867 3159 capillo·
886 3096 994 3144 nutum
1017 3098 1047 3143 et
1073 3090 1141 3143 alias
1155 3107 1217 3145 eor·

129 3162 207 3230 poris
237 3164 445 3215 exercitationes
486 3162 613 3223 curabat,
645 3160 848 3230 indignabatur.
902 3161 1028 3213 Armatus
1056 3178 1122 3214 vero
1153 3178 1217 3216 etim

128 3240 243 3301 propter
258 3235 437 3300 pecuniarum
458 3231 642 3292 affluentiam,
672 3237 729 3282 tum
748 3232 783 3284 ob
802 3230 914 3284 honoris
932 3229 1145 3301 amplitudinem
1170 3233 1216 3284 in-

127 3302 227 3364 flatus,
251 3302 390 3355 neminem
406 3302 569 3356 fortitudine
584 3318 612 3354 se
632 3301 858 3373 praestantiorem
875 3301 935 3354 iore
957 3302 1080 3371 putabat
1122 3302 1216 3374 Atque

126 3370 173 3424 bie
189 3373 278 3442 ipsius
297 3391 372 3426 error
390 3382 419 3426 et
438 3374 507 3425 satra
524 3373 639 3443 opinio,
657 3388 740 3442 quam
758 3370 793 3423 de
811 3389 840 3425 se
857 3378 1034 3441 conceperat,
1053 3374 1083 3426 in
1098 3387 1131 3426 eo
1150 3379 1215 3427 tan·

127 3448 186 3493 tum
206 3440 348 3508 obtinuit,
370 3450 403 3495 ut
419 3442 534 3495 Achillis
552 3442 679 3494 habitum
707 3450 738 3494 et
766 3442 870 3494 cultum
895 3450 1059 3505 assumeret,
1085 3450 1114 3495 et
1139 3458 1214 3513 equo

127 3519 237 3565 ereetns
256 3530 307 3582 per
325 3513 421 3566 urbem
438 3515 478 3566 ita
496 3512 664 3573 circumiret,
692 3520 718 3563 et
747 3511 777 3562 in
811 3511 1000 3581 Hippodromo
1032 3514 1119 3566 inatar
1147 3513 1214 3584 equi

126 3580 270 3647 fremeret,
288 3582 426 3647 hinniret,
443 3600 472 3636 se
491 3584 607 3635 iactaret
636 3588 719 3650 atque
747 3582 877 3635 ferociter
895 3587 1012 3641 efferret.
1055 3584 1135 3637 iiuue
1161 3600 1214 3634 au-

124 3659 181 3704 tern
204 3652 240 3704 ad
265 3652 427 3707 huiuamodi
452 3653 555 3724 gloriae
585 3655 718 3706 insaniam
744 3652 827 3722 magis
851 3653 1013 3721 impellebat
1033 3653 1094 3773 ipse
1118 3649 1212 3722 piebis

123 3722 251 3777 abiectae
270 3723 363 3788 favor,
393 3741 465 3795 quae
483 3723 564 3777 laetis
584 3721 828 3774 acclamationibus
847 3724 937 3793 ipsum
963 3721 1122 3842 appelabat
1144 3723 1210 3788 Pyr·
1323 3752 1328 3759 »

122 3793 212 3846 rhum.
248 3793 339 3865 Quae,
365 3796 389 3848 si
402 3794 525 3873 ,quidam
543 3795 634 3863 iprum
650 3793 689 3843 ita
707 3792 839 3855 vocabat,
864 3790 940 3865 quod
962 3811 993 3844 ru
1016 3790 1116 3844 icuuda
1137 3789 1209 3844 facie

121 3865 264 3934 praeditus
283 3874 370 3928 erret,
389 3865 551 3919 verisimilia
570 3861 687 3914 dicebat
724 3861 837 3915 sivero
856 3873 886 3917 ut
904 3861 940 3915 ad
958 3860 1128 3915 fortitudinis
1145 3860 1209 3912 iau·

121 3933 185 3987 «tem
203 3934 273 3988 baec
291 3934 420 3995 dicebat,
440 3944 471 3988 ut
488 3932 690 3985 adolereentem
708 3930 870 3985 deliniebat.
905 3931 1004 4000 Neque
1021 3931 1094 3983 euim
1110 3930 1209 3984 heroes

119 4006 185 4060 telis
201 4005 333 4075 petebat,
350 4014 383 4057 ut
397 4004 530 4073 Pyrrbusr
549 4001 598 4057 sed
612 4002 711 4057 insano
727 4003 876 4057 mulierum
894 4017 988 4058 amore
1011 4001 1127 4070 flagrans
1149 4006 1209 4057 ‘erat
1313 4036 1322 4057 .

118 4092 222 4148 easque
244 4075 406 4146 deperibat,
425 4083 457 4128 ut
473 4074 558 4132 Paris.

151 4180 314 4254 Dexippus,
331 4179 482 4251 Ειιιισμίοι
501 4189 553 4232 ste.
853 4212 858 4219 -
975 4178 1009 4233 ra
