2909 4717
275 172 360 263 536
546 196 714 266 annnrcr
744 194 900 266 rursu
932 187 1091 264 noran

273 358 323 422 bri
342 358 446 420 furora
464 356 597 438 percita,
619 354 817 420 Saturninum
836 355 973 435 protinus
991 352 1166 415 obtruncari
1185 343 1281 418 ude
1303 373 1375 415 an-

271 462 314 505 uo
334 439 450 504 Natalis
468 439 620 499 Domiuiei
641 435 724 517 444,
741 436 910 500 Theodosio
940 435 985 503 18.
1015 448 1047 499 et
1064 435 1176 497 Albino
1195 436 1299 510 Coss,
1330 445 1375 497 nt

272 525 378 586 scribit
398 520 593 583 Marcellinus
615 522 646 581 in
670 520 833 581 Chronico.
878 519 1033 582 Cedrenns
1053 540 1145 600 supra
1162 517 1262 581 dictos
1288 517 1372 582 Cle·

272 608 353 670 rioos
374 603 515 667 adulterii
535 625 585 664 sus
608 604 705 664 icione
725 612 879 664 contactos
900 602 991 663 fuisse
1013 603 1123 685 prodit.

356 685 433 770 Peg.
458 685 509 770 δᾳ
524 687 560 746 Β.
580 625 670 771 fanti,
701 683 765 767 ια]
795 679 910 764 Ζήνων
929 680 1083 756 ὑπατικὸς
1103 675 1196 766 ἆιὴρ.
1223 683 1368 748 Flavius

272 771 357 833 Zeno
398 772 457 850 (sic
485 770 566 830 enim
598 779 724 829 vocatur
753 771 787 828 in
815 768 900 828 Actis
925 768 1053 829 Consilii
1082 766 1369 847 Chalcedonensis)

273 852 389 915 Consul
409 854 466 913 fuit
485 872 566 913 anno
586 850 703 913 Natalis
722 850 873 912 Dominici
886 848 959 930 448.
982 851 1080 912 Huius
1104 852 1164 913 viri
1191 853 1369 933 potentiam

273 937 345 999 satis
365 956 515 1018 superque
537 933 691 995 declarant
711 954 765 996 eae
800 955 878 1015 quae
897 933 1020 994 subiicit
1040 931 1258 1018 Priseusleum
1278 933 1368 994 seili-

273 1031 322 1081 eet
342 1015 535 1103 Imperatoris
555 1016 704 1078 voluntati
725 1036 824 1076 uuum
844 1019 1005 1091 restitisse,
1036 1038 1107 1079 cum
1124 1038 1249 1099 magnas
1271 1018 1365 1078 Inan-

273 1123 380 1164 rorum
399 1103 500 1183 copias
521 1101 600 1161 circa
619 1122 651 1161 se
682 1099 809 1161 haberet
836 1099 875 1160 ad
905 1100 989 1160 urbis
1018 1100 1079 1163 CP.
1108 1100 1300 1161 ειιεῐοάἰιιιιιι
1330 1111 1366 1161 et
1448 1177 1449 1194 Χ

273 1184 1093 1347 Mittit.iri.t⁸5”³..⁶{tt‘ttttst⁰ltt
1114 1183 1365 1347 ,pm
1448 1237 1449 1240 ‘

273 1350 386 1429 fuisse,
427 1371 466 1412 ne
497 1349 574 1410 sorte
603 1350 687 1408 Zeno
717 1348 909 1430 tyrannidem
939 1347 1104 1409 invaderet.
1156 1349 1215 1409 llic
1254 1359 1363 1430 postea

272 1433 421 1498 Marciani
430 1432 558 1514 Augusti
571 1431 758 1512 temporibus
773 1431 886 1491 interiit
900 1442 1054 1512 suspectus
1072 1452 1175 1492 rerum
1195 1449 1361 1492 novarum.

272 1513 324 1576 Sic
345 1516 426 1577 enim
448 1515 591 1576 Iordanes
612 1514 651 1574 de
671 1514 857 1575 successione
877 1535 1038 1596 cognom
1059 1514 1162 1576 scribit
1188 1513 1226 1576 de
1246 1516 1364 1575 Mna-

272 1617 355 1659 uuot
400 1598 574 1683 Obitrmsque
596 1597 725 1673 Attilae,
761 1609 790 1657 et
808 1596 940 1659 Zenonis
959 1596 1062 1657 Isarci
1082 1599 1250 1673 murium,
1276 1611 1365 1658 ωε-

271 1701 363 1765 qrcam
389 1694 572 1758 moreretur,
588 1681 679 1761 setta
707 1681 859 1763 comperit.
911 1681 1089 1741 Damascius
1110 1683 1141 1742 in
1164 1680 1274 1740 lsidori
1294 1683 1363 1742 vita

272 1763 391 1841 scribit,
411 1762 493 1824 hune
511 1765 665 1823 Zenonem
687 1761 838 1823 idolorum
858 1762 974 1823 cultum
994 1764 1162 1842 restituere,
1178 1774 1209 1823 et
1228 1762 1363 1824 Christi-

273 1865 402 1908 anorum
421 1836 741 1930 religionem'abolere
759 1843 902 1920 voluisse,
926 1845 979 1906 sed
998 1843 1131 1906 violenta
1150 1855 1253 1907 morte
1266 1846 1363 1908 fiisse

272 1929 493 2012 praepeditum.
517 1929 596 1990 Nam
615 1950 651 1990 ex
671 1949 750 2010 equo
772 1926 885 2009 lapsus,
906 1949 995 1990 crure
1014 1928 1181 2007 confracto,
1202 1945 1266 1989 non
1284 1929 1363 1991 mul

272 2021 306 2072 to
325 2023 394 2093 post
413 2012 585 2093 exspiravit.
628 2012 670 2072 Et
689 2011 870 2072 Damascius
891 2011 1015 2095 quidem
1038 2032 1108 2073 eum
1131 2013 1363 2094 magnumOri·

175 2092 531 2172 praesensentiae
551 2096 729 2176 Magistrum
751 2092 899 2174 appellat,
922 2090 939 2154 d
964 2094 1063 2173 μέγας
1084 2095 1139 2173 τῆς
1158 2093 1201 2156 in
1224 2115 1360 2175 asperq-

241 2245 244 2250 ,
271 2168 377 2256 λα’της.
419 2176 498 2236 Sunt
518 2175 557 2236 ad
587 2176 669 2236 hunc
689 2177 845 2237 Zenonem
865 2179 1044 2258 Magistrum
1072 2177 1205 2238 militum
1224 2188 1255 2238 et
1276 2176 1360 2238 Gon·

271 2256 368 2319 sulem
389 2256 470 2318 duae
489 2257 674 2322 Tlreodoreti
696 2258 856 2339 epistolae,
878 2261 989 2344 quibus
1008 2258 1096 2320 illurn
1115 2260 1252 2320 nondum
1273 2281 1360 2322 secra

271 2339 451 2422 baptismate
471 2341 622 2401 initiatum
643 2341 734 2401 luisse
754 2351 892 2404 testatur.
935 2345 1077 2404 Ceterum
1106 2363 1142 2404 ex
1170 2342 1230 2403 boe
1260 2341 1361 2405 Prisci
1448 2335 1449 2372 l

271 2420 339 2484 loco
360 2423 517 2483 manifeste
535 2426 683 2507 sequitur,
704 2424 782 2486 hauc
793 2428 950 2487 Maximini
970 2427 1008 2487 ad
1018 2424 1147 2487 Attilam
1160 2424 1359 2507 hgetionern,

272 2525 350 2588 quae
371 2506 421 2567 hic
440 2503 595 2569 luculente
617 2507 819 2586 describitur,
856 2511 1015 2591 contigisse
1029 2511 1154 2570 Zenone
1177 2520 1208 2569 et
1224 2508 1359 2570 Postlru-

270 2588 485 2670 mianocoss,
507 2590 565 2651 sub
585 2594 699 2651 exitum
718 2595 802 2666 anni,
825 2592 907 2674 quod
928 2593 1106 2653 confirmare
1126 2593 1217 2652 etiam
1236 2592 1360 2654 videtur

163 2693 164 2696 ’
272 2670 467 2736 Marcellinus
489 2675 522 2736 in
547 2674 709 2735 Chronico.
756 2677 845 2736 Certe
865 2675 987 2736 Priscus
1007 2697 1039 2756 p.
1065 2695 1117 2759 7⁰·
1141 2675 1178 2735 C.
1199 2675 1239 2734 de
1260 2676 1358 2736 Arco-

270 2752 365 2817 bindo
385 2766 530 2838 tanquam
550 2757 650 2836 adbuc
670 2759 793 2820 vivente
813 2756 970 2840 loquitur,
1000 2758 1054 2842 qui
1081 2760 1218 2841 sequenti
1238 2757 1358 2820 Consu·

271 2833 335 2899 latu
357 2837 453 2913 obiit,
476 2849 551 2900 teste
571 2840 678 2901 eodem
703 2840 891 2903 Marcellino.
1448 2865 1449 2868 ¹

354 2921 430 3004 Peg.
455 2944 507 3005 7¹·
522 2924 559 2983 C.
585 2923 681 3007 [ara‚
708 2923 773 3007 20.]
795 2925 870 2986 Post
890 2923 964 2985 haee
985 2922 1105 3002 verba,
1128 2917 1162 2995 ἔς
1180 2920 1237 3005 τὴν
1263 2926 1358 2988 Kair-

270 3000 452 3080 orovu'uoo,
476 3005 616 3066 collocari
636 3005 748 3069 debent
771 3028 818 3085 ea,
850 3029 928 3088 quae
947 3007 1041 3071 babes
1060 3028 1131 3091 pag.
1154 3005 1206 3092 59.
1220 3007 1283 3070 Aa
1306 3001 1358 3070 ὅτι
1448 3073 1449 3082 ,

272 3084 485 3165 perper-irim,
507 3099 542 3148 ut
562 3091 633 3150 satis
653 3091 846 3151 manifestum
865 3101 921 3151 est.
1315 3145 1324 3154 .
1448 3101 1449 3108 ’

353 3168 469 3248 Leges:
505 3168 627 3253 ἐδήχθη
650 3193 684 3233 τε
717 3169 927 3253 ὅΘεόδωρος
952 3166 1159 3251 strenuis,
1237 3173 1356 3236 .C.et

174 3266 181 3275 ·
269 3246 430 3328 posthaec
451 3254 535 3332 sequi
557 3254 689 3333 debent,
726 3246 775 3318 dtr
802 3251 856 3315 ὑπ’
879 3247 1093 3339 ἀμφοτέρων,
1114 3276 1193 3339 quac
1225 3267 1356 3340 quatur

270 3328 384 3412 μα,
406 3342 441 3391 ut
461 3332 529 3394 luce
550 3336 614 3416 ipsa
634 3337 745 3400 clarius
767 3347 821 3401 est.

352 3413 688 3509 Pug·71·C·[215,2.]
709 3415 886 3484 Ἀνατόλιον
903 3419 968 3482 τῶν
985 3416 1074 3502 cippi
1091 3420 1226 3498 βασιλέα
1239 3411 1355 3502 ἄρχοι·

268 3513 311 3555 τα
328 3498 437 3557 selue.
478 3498 559 3560 Male
579 3500 777 3565 Cantuclarus
797 3505 901 3581 vertit,
915 3505 1061 3584 regiorum
1079 3504 1252 3564 rnbntonos
1268 3527 1355 3589 proe-

253 3578 386 3659 seetnm.
438 3581 506 3663 Ego
526 3583 704 3663 Magistrum
743 3587 869 3648 nu'litum
902 3588 1118 3670 praesentalem
1158 3586 1351 3668 interpretor.

268 3659 383 3722 Fuerat
415 3661 466 3724 liic
499 3665 659 3728 Anatolius
690 3681 781 3731 antea
810 3671 954 3752 Magister·
985 3668 1115 3730 militum
1136 3669 1292 3747 Orientis,
1320 3683 1354 3732 nt

267 3753 395 3806 testatur
411 3748 621 3810 Theodoretus
641 3754 673 3811 in
697 3757 787 3834 epist.
808 3750 861 3831 45.
885 3763 915 3812 et
931 3751 1127 3813 Marcellinus
1149 3752 1181 3812 in
1191 3753 1351 3816 Chronico.

268 3826 340 3905 Quo
358 3842 497 3893 revocato
512 3844 547 3894 ut
566 3837 753 3914 praesentale
773 3836 979 3917 Magisterium
1000 3837 1147 3916 acciperet
1164 3837 1352 3912 ,Zenolsau-
1447 3873 1449 3892 r

267 3911 322 3970 nis
341 3914 372 3971 in
395 3917 458 3976 eius
478 3915 578 3976 locum
597 3919 776 4083 srrbropetus
796 3933 854 3993 est,
876 3930 911 3978 ut
929 3920 1041 3979 indicat
1062 3920 1184 3979 Priscus
1199 3942 1232 4001 p.
1251 3919 1302 3996 6q
1314 3921 1348 3981 B.

349 3993 425 4078 Pag-
441 3998 642 4082 71.1).[213‚
656 4001 688 4063 6.
722 3996 752 4061 oi
763 3994 802 4082 or>
815 4000 873 4074 τὰς
892 3994 996 4082 rippale
1010 3997 1226 4080 ἀναβεβήκασι
1239 3989 1352 4074 urinae

267 4069 350 4133 Haec
380 4078 473 4143 ruba
505 4102 663 4165 perperam
689 4087 781 4149 vertit
801 4086 972 4184 lpterpres,
1007 4088 1061 4169 qui
1086 4084 1244 4150 notionem
1267 4085 1359 4152 verbi
