2909 4717
456 171 511 233 aa
541 163 854 238 osnnrouoao
1108 144 1194 254 463

113 330 252 408 κοσίους,
273 325 342 393 ἔσθ’
372 320 426 389 ότε
455 326 493 388 δέ
517 323 571 389 καί
588 327 633 400 είς
653 330 873 401 πεντακοσίους
892 322 1001 410 πήχεις
1021 324 1198 412 όρυσσόμε-

111 455 167 510 aa,
189 423 403 509 ἀναβλύζουσα
422 420 458 489 τό
481 425 621 510 ῥεῖθρον,
639 420 738 490 edroi
750 428 807 491 τοῦ
825 428 958 507 στομίου
980 425 1197 511 προχεόμενον·

118 533 155 607 ἐξ
176 517 214 591 οὗ
241 524 322 590 κατό
351 521 505 607 διαδοχήν
527 518 709 610 ἀρυόμενοι,
732 520 818 601 όσοις
843 522 946 591 κοινόν
964 525 1068 609 μέμονε
1088 524 1123 590 τό
1145 522 1199 610 ἔρ4

115 651 192 711 μοι,
225 623 284 702 τός
316 626 431 698 οἰκείας
467 620 606 708 α’ροόρας
632 626 811 703 ποτίζουσιν
844 620 875 688 οἱ
900 621 1042 708 γεωργοί.
1081 624 1135 688 καί
1152 620 1200 690 ότι

92 724 156 800 5αἱ
174 720 298 810 όπῶραι
318 721 371 787 sies*
387 730 454 800 τοῖς
474 724 616 807 δένδρεσι
637 724 801 808 φέρονται·
844 723 899 786 καί
918 717 1000 787 dard
1021 730 1104 799 σῖτος
1122 748 1201 787 παν-

115 822 169 901 τός
189 827 344 908 κρείσσων
364 824 453 888 σίτου
477 824 534 886 καί
561 817 670 904 χιόνος
689 820 881 907 λευκότερος,
920 820 977 887 καί
994 816 1042 887 ότι
1061 819 1129 887 ἔσθ’
1151 816 1201 887 ότι

117 925 169 1000 δίς
204 924 262 988 τοῦ
290 919 382 997 ἔτους
410 923 571 1006 σπείρεται
597 915 617 1004 ἦ
643 919 759 1006 κριθὴ,
791 920 860 1007 τρίς
879 923 915 987 di
947 922 1001 987 όεί
1020 917 1041 1007 η“
1059 923 1231 1005 simoen

118 1020 295 1106 ἀρδεύουσι
323 1023 360 1085 δέ
373 1016 414 1085 τό
433 1017 529 1105 μήδεα
550 1016 654 1085 αότῶν
683 1022 718 1086 ἐν
736 1018 827 1104 θέρει
845 1023 905 1102 μέν
925 1018 979 1086 διοὶ
999 1024 1105 1107 τρίτης
1124 1016 1202 1105 ἡμέ-

119 1144 196 1205 ρας,
217 1122 251 1186 ἐκ
268 1122 404 1202 χειμῶνι
424 1122 461 1183 δὲ
490 1116 544 1182 διό
564 1122 671 1203 ἕκτης,
693 1121 727 1197 έξ
749 1111 789 1182 οὗ
808 1117 902 1205 καίῆ
923 1114 1059 1207 εόφορία
1077 1122 1207 1203 γίνεται.

75 1221 178 1292 rosus*
197 1214 245 1282 ότι
266 1214 417 1283 οὐδέποτε
434 1219 588 1303 συννεφία
608 1222 737 1301 γίνεται.
765 1222 822 1285 καί
840 1216 916 1304 περί
930 1223 993 1284 τῶν
1011 1221 1206 1300 ποιουμένων

120 1319 226 1383 adrat
252 1316 442 1402 ὦρολογίων.
483 1319 566 1400 λέγει
599 1321 626 1382 δ’
656 1312 707 1382 ότι
733 1320 827 1402 νῆσος
853 1316 888 1383 τό
919 1317 1058 1383 παλαιόν
1076 1309 1126 1404 ἦν,
1152 1321 1209 1383 καί

120 1412 357 1502 όπεχερσόόη,
377 1418 432 1480 καί
464 1440 514 1480 οτι
544 1413 662 1501 ταότηκ
686 1424 779 1482 καλεῖ
786 1415 956 1503 Ἡρόδοτος
979 1416 1133 1504 μακάρων
1151 1415 1207 1503 κη’-

121 1540 209 1591 σους·
245 1513 428 1601 Ἡρόδωρος
448 1517 494 1598 δὲ,
523 1510 541 1579 ό
562 1513 620 1600 τήν
635 1517 774 1603 Ὀρφέως
802 1514 858 1581 καί
877 1520 1050 1582 Μουσαίου
1070 1516 1207 1601 σογγρό-

122 1633 191 1699 ψας
210 1614 371 1701 ἱστορίαν,
395 1618 556 1681 ouem-'ta
582 1612 700 1699 ταύτην
733 1620 831 1682 καλεῖ.
868 1626 1034 1704 τεκμηριοῖ
1058 1618 1094 1682 δδ
1112 1619 1206 1702 νῆσον

78 1711 227 1801 ι5αότὴν
244 1718 404 1800 γεγονέναι
444 1712 479 1778 ἔκ
516 1738 551 1780 τε
577 1719 633 1781 τοῦ
660 1706 799 1801 ὄστρακα
827 1716 989 1782 θαλάσσια
1009 1718 1066 1781 καί
1090 1709 1206 1801 ὄστρεα

122 1813 228 1889 λίδοις
246 1818 304 1879 τοῦ
324 1807 420 1899 ὅρους
439 1818 722 1900 προσπεπλασμένα
752 1814 956 1902 εὑρίσκεσθαι
990 1818 1049 1883 τοῦ
1079 1818 1134 1880 έπί
1151 1811 1207 1899 τὴν

113 1905 230 1979 Ὀασιν
258 1912 320 1977 tut
347 1916 401 1998 τῆς
422 1913 581 1998 Θηβαΐδος
613 1917 780 2001 φέροντος,
810 1914 957 2002 δεότερον
977 1908 1025 1980 ότι
1053 1912 1208 1997 ψόμαθος

124 2010 226 2097 πολλῆ
266 2013 440 2095 ἒπεκχεῐται
479 2013 549 2096 αἐί,
578 2017 634 2078 καί
669 2012 728 2089 τός
757 2023 843 2098 τρεῖς
874 2014 1055 2100 ἀναπληροῖ
1077 2011 1247 2090 hauriat.
1261 2026 1307 2082 ria

125 2119 211 2197 τρεῖς
229 2111 291 2197 γάρ
311 2135 410 2198 φησιν
425 2110 550 2189 Ὀόσοις
569 2115 626 2178 καί
644 2113 744 2190 ου’τός
766 2109 849 2181 εἶναι
860 2164 871 2196 ,
893 2112 951 2179 δόο
969 2116 1133 2198 μεγάλας,
1154 2110 1212 2197 τηίι

82 2215 185 2296 wuda
203 2213 355 2296 ἐξωτέρω,
375 2210 434 2295 τὴν
448 2214 485 2277 δέ
504 2215 658 2299 ἐσωτέρω,
680 2212 869 2301 καταντικρό
885 2217 1029 2297 κειμένας
1051 2211 1212 2297 ἀλλήλαις,

126 2310 338 2387 συντείνοντος
375 2311 422 2387 εἷς
449 2307 562 2376 ἑκατόν
593 2322 715 2396 σημεῖα
742 2315 797 2377 rori
833 2311 950 2395 μεταξύ
991 2309 1207 2398 διαστήματος.
1217 2328 1245 2383 Ρ.
1258 2343 1290 2383 rs

127 2405 196 2476 ἔστι
217 2412 253 2475 δέ
270 2409 340 2480 ,καί
368 2403 448 2494 ἄλλη
474 2414 564 2496 τρίτη
593 2411 707 2497 μικρὰ,
735 2415 840 2500 πολλρῖ
861 2411 1052 2496 διαστήματι
1070 2417 1132 2478 τεόν
1153 2408 1212 2476 δόο

126 2511 354 2597 κεχωρισμένη.
394 2511 478 2593 λέγει
492 2512 529 2576 δέ
547 2512 593 2588 εἰς
613 2510 719 2577 πίστιν
733 2514 791 2577 rosi
810 2515 904 2596 νῆσον
922 2516 1078 2595 γενέσθαι,
1090 2506 1141 2575 ότι
1158 2515 1215 2576 καί

129 2701 166 2755 ad
184 2702 348 2772 quingentos
375 2700 483 2754 cubitos
508 2704 594 2768 sacta,
617 2703 790 2773 scaturiginis
811 2703 881 2756 rivos
905 2719 955 2772 per
972 2702 1108 2755 orificium
1126 2703 1213 2754 etian-

131 2772 217 2824 dunt:
237 2770 310 2823 unde
329 2787 379 2841 per
397 2773 468 2825 vices
487 2775 507 2825 ii
517 2811 526 2835 ,
550 2775 598 2845 qui
623 2777 761 2827 communi
785 2773 880 2825 labore
898 2789 966 2844 opus
983 2773 1124 2836 fecerunt,
1145 2769 1214 2823 hau-

130 2843 226 2903 riunt,
245 2849 353 2893 eterra
381 2859 430 2894 sua
448 2844 552 2913 rigant,
580 2845 724 2911 agricolae.
771 2844 887 2895 Arbores
910 2850 1044 2914 perpetuo
1072 2841 1113 2893 ibi
1133 2857 1214 2909 poma

130 2911 218 2962 terret
241 2920 270 2962 et
292 2910 456 2965 frumentum
482 2914 542 2966 illic
565 2923 658 2966 natum
687 2914 762 2964 omni
779 2914 916 2965 frumento
946 2929 1005 2964 ease
1028 2915 1214 2995 praestantius

129 2982 251 3051 niveque
269 2980 419 3035 candidius.
455 2984 593 3036 interdum
613 2985 656 3036 bis
680 2983 827 3054 quotannis
846 2982 979 3035 hordeum
995 2982 1037 3034 ibs
1054 2983 1124 3047 seri,
1141 2982 1217 3034 mili·

130 3068 178 3104 um
205 3058 297 3103 autem
322 3061 456 3120 perpetuo
482 3064 532 3109 ter.
568 3055 663 3125 Rigare
682 3053 783 3106 incolas
802 3054 909 3106 ruscula
926 3070 975 3104 sua
999 3061 1103 3105 aestate
1129 3054 1213 3106 tertio

131 3137 244 3191 quoque
265 3121 326 3185 die,
345 3121 435 3177 hieme
453 3137 540 3190 sexto,
557 3133 639 3197 atque
656 3125 721 3177 hinc
739 3131 843 3178 tautam
856 3132 944 3176 terrae
961 3123 1133 3176 fertilitatem
1148 3140 1214 3176 cun-

131 3192 230 3244 ciliari.
267 3192 413 3263 Nunquam
438 3195 481 3248 ibi
503 3196 609 3248 coelum
635 3194 722 3250 nubes
751 3192 918 3248 contrahere.
960 3194 1002 3249 sd
1022 3192 1089 3247 haec
1109 3194 1145 3248 de
1163 3194 1215 3247 ho-

132 3262 264 3332 rologiis,
289 3280 360 3334 quae
388 3263 493 3318 ibidem
517 3267 706 3319 conficiuntur.
752 3265 844 3317 Oasim
863 3273 996 3318 memorat
1016 3265 1132 3317 insulam
1151 3267 1218 3319 olins

133 3333 235 3394 fuisse,
252 3341 335 3404 atque
355 3351 369 3385 a
388 3338 549 3388 continente
571 3334 725 3398 divulsam,
752 3335 923 3405 eandemque
947 3336 982 3389 ab
1006 3337 1148 3390 Herodoto
1167 3353 1217 3389 ro-

132 3405 188 3455 cari
196 3406 341 3456 Beatorum
357 3406 486 3470 insulam,
504 3404 539 3457 ab
549 3406 688 3459 Herodoto
707 3415 798 3457 autem
815 3422 863 3467 eo,
883 3406 931 3477 qui
942 3406 1047 3476 Orphei
1065 3424 1096 3460 ac
1110 3405 1216 3458 Musaei
1275 3443 1280 3452 .

131 3475 293 3541 conscripsit
311 3473 463 3537 historiam,
480 3477 616 3530 nominari
636 3475 822 3530 Phaeacidem.
857 3476 978 3529 Insulam
997 3487 1061 3531 ante
1080 3478 1165 3530 luisse
1183 3491 1218 3527 ex

133 3559 168 3595 eo
192 3544 361 3597 coniecturas
386 3546 478 3609 ducit,
502 3548 577 3618 quod
607 3556 693 3599 testae
710 3547 832 3600 marinae
857 3555 885 3599 et
902 3557 990 3601 ostrea
1006 3547 1146 3617 lapidibus
1167 3545 1218 3597 ad·

132 3611 277 3668 haerentia
296 3614 325 3663 in
344 3631 376 3667 eo
394 3627 488 3670 moute
502 3618 683 3676 inveniantur.
701 3620 750 3687 qul
767 3617 956 3670 ex‘l'hebaide
973 3619 1004 3671 in
1022 3619 1113 3670 Oasiua
1132 3615 1217 3666 ducit.

133 3682 244 3736 Deinde
267 3682 363 3745 etiam,
381 3687 456 3756 quod
474 3697 608 3758 perpetuo
625 3688 735 3755 copiosa
755 3689 797 3740 ibi
815 3705 896 3740 arena
920 3696 1016 3749 scatet,
1036 3696 1144 3756 tresque
1162 3687 1218 3738 Oa·

134 3769 179 3806 ses
197 3751 295 3820 replet.
330 3752 399 3806 Nam
418 3759 499 3809 etiarn
516 3760 575 3828 ipse
594 3767 648 3810 tres
656 3759 741 3810 Oases
759 3775 818 3812 ease
837 3760 931 3820 tradit,
949 3759 1014 3809 duas
1032 3770 1150 3821 magnas,
1168 3771 1220 3806 ex·

134 3823 266 3875 teriorem
285 3839 386 3884 uuam,
409 3826 522 3880 alteram
540 3831 713 3886 interiorem.
743 3844 758 3878 e
775 3830 886 3899 regione
901 3829 955 3881 sibi
974 3826 1088 3878 invicem
1106 3827 1219 3891 opposi-

133 3902 194 3953 tas.
219 3900 328 3946 cenum
355 3896 503 3950 miliarium
533 3899 622 3967 spatio
647 3900 808 3962 interiecto,
835 3915 895 3949 cuna
921 3897 1002 3950 tertia
1020 3909 1117 3961 parta>
1135 3892 1218 3962 l(tngo

133 3964 289 4020 interstitio
314 3963 349 4014 ab
377 3966 470 4017 alteris
504 3968 610 4030 duabus
638 3975 770 4038 separata
805 3968 919 4035 Insuper
945 3965 998 4017 hoc
1024 3963 1107 4017 etiam
1136 3980 1220 4035 argu-

133 4046 229 4095 meato
249 4033 367 4090 insulam
393 4034 477 4089 luisse
502 4038 602 4104 tradit,
625 4037 699 4109 quod
725 4052 921 4106 saepenumero
946 4031 1066 4099 accidit,
1084 4040 1116 4086 ut
1131 4037 1220 4105 pisces
