2909 4717
329 261 372 326 sn
400 256 585 325 remens
614 256 910 330 ourm1ooonr.
1075 233 1160 353 577

49 411 545 499 pruvmbnsltadgonnenrbem
570 419 761 479 anasnnt.
805 416 888 484 Haec
908 410 985 499 llle,
1016 440 1094 504 quas
1118 420 1160 485 ad

52 513 197 555 examen
213 495 382 560 revocanda
403 510 491 562 erunt
509 499 570 562 alio
587 503 619 560 in
634 521 734 581 opere.

153 579 343 661 Pergam.
376 580 449 667 467,
466 581 528 666 18]
542 583 662 644 Leontio
684 581 842 644 Placr'dioe
857 595 1000 644 aratore.
1043 585 1159 649 Mirum

53 658 142 739 quid
160 661 201 721 de
223 684 296 725 cura
311 666 338 725 P
368 668 439 743 atii,
459 667 523 728 sive
544 665 583 726 de
606 663 705 726 officio
729 662 928 807 curopalaten
951 664 1001 726 hic
1026 664 1057 725 in
1073 688 1159 729 rnen-

53 747 127 801 tem
156 748 277 807 venerit
297 747 473 829 Interpreti,
504 770 574 809 cum
597 744 759 829 novpcirwp
784 750 865 807 iem
891 751 950 823 sit,
974 751 1026 830 qui
1047 770 1158 829 procu·

54 835 155 886 rator
179 837 210 887 et
228 829 463 910 administrator,
491 825 666 911 διοικητὴς,
681 821 848 910 κτημάτων
879 820 983 911 ἀρχὴν
1007 826 1158 912 εἰληχώς,

53 910 116 988 qui
136 921 248 990 postea
265 914 449 993 toronen,
477 925 530 974 aut
550 913 668 989 saltem,
686 923 810 973 auctore
832 911 993 995 Hesychio,
1023 933 1080 973 vox
1106 913 1158 978 illa

52 991 193 1072 τροφέα
222 989 278 1054 καί
303 988 518 1078 παιδοτρόφον
540 1017 759 1078 nonnunquam
782 1006 877 1056 sonet.
920 994 1073 1077 Elpidiam
1094 1018 1154 1057 nu·

50 1073 177 1134 tricem
194 1074 347 1138 Placidiae
362 1099 466 1140 omnes
485 1088 671 1160 agnoscente
694 1079 733 1138 de
746 1077 899 1159 Spadusa,
931 1077 1022 1138 fuerit
1045 1099 1150 1154 necne,

53 1154 185 1238 ambigi
208 1170 317 1239 potest.
361 1161 447 1222 Hanc
465 1164 491 1222 si
506 1183 677 1244 expungas,
703 1159 794 1222 ubam
816 1163 849 1222 in
874 1162 938 1223 eius
959 1158 1060 1223 locum
1077 1162 1187 1228 sub-r.
1211 1191 1260 1231 sss

51 1239 150 1299 stitui
213 1241 304 1303 stulat
325 1247 470 1305 orationis
491 1248 500 1304 i
524 1248 585 1306 sius
605 1254 769 1305 contextus.

150 1261 232 1404 Aa}
249 1323 294 1404 id
310 1325 344 1385 Β.
362 1323 451 1408 [tea
476 1266 531 1470 οἱ
539 1329 586 1387 De
610 1325 745 1387 Placidia
768 1325 1059 1408 Constantinopolim
1083 1347 1155 1392 eum

51 1400 127 1463 filio
149 1404 240 1486 pulsa
270 1429 306 1468 ac
335 1407 373 1468 de
395 1410 480 1470 obitu
532 1410 628 1470 onorii
645 1410 722 1490 lmp.
742 1408 862 1486 non6.',
886 1408 938 1470 sed
964 1409 1011 1471 18.
1030 1409 1155 1480 Caleud.

51 1485 270 1567 Septembris,
291 1489 414 1552 sive15.
428 1492 559 1574 Augusti
575 1494 645 1552 anui
664 1490 750 1568 423,
774 1490 988 1575 Asclepiodoto
1008 1502 1037 1552 et
1058 1496 1155 1555 blari-

51 1571 161 1630 niano
178 1570 276 1649 Coss,
296 1576 405 1656 passim
417 1595 521 1635 omnes
546 1575 710 1656 loquuntur
727 1571 862 1634 historici
888 1586 919 1634 et
940 1573 1153 1639 chronicorum

51 1648 276 1737 fastorumque
307 1659 489 1738 scriptores:
519 1655 775 1738 quemadmodum
808 1655 846 1716 de
871 1657 1044 1733 Bonifacio,
1058 1654 1157 1739 αόδρί

51 1729 216 1818 ἧρωϊκῷ,
233 1738 315 1799 etde
335 1741 448 1800 Ioanne
467 1750 614 1821 tyranno,
642 1739 756 1820 dequo
780 1749 899 1820 praeter
929 1738 1055 1800 Suidam
1077 1763 1152 1802 con-

52 1817 186 1878 sulendi
214 1819 452 1903 Philostorgius‚
483 1823 639 1902 Socrates,
674 1821 809 1883 chatus
840 1820 1038 1906 Frigeridus,
1061 1823 1153 1887 Sozo-

52 1917 199 1977 meuus,
223 1902 389 1986 Procopius
409 1904 530 1987 aliique.

151 1982 230 2065 Peg.
259 1985 306 2045 15.
323 1983 460 2070 A.[469,
485 1983 546 2069 ιι]
576 1984 782 2048 Romanarum
811 1985 931 2048 aedium
959 1987 1153 2069 magnificen-

53 2066 160 2135 tiam,
181 2067 328 2129 Thermas
349 2068 505 2151 publicas,
526 2071 640 2131 civium
658 2091 731 2151 opes
749 2072 962 2152 moeniumque
980 2071 1064 2130 urbis
1084 2094 1150 2135 am-

52 2143 247 2230 plitudinem
265 2154 384 2232 copiose
404 2151 553 2235 explicant
572 2152 672 2213 Iustus
694 2151 832 2235 Lipsius,
859 2152 1028 2216 Alexander
1046 2155 1150 2216 Dona-

53 2241 109 2291 tus
135 2228 260 2314 aliique.
293 2235 342 2295 De
361 2235 470 2296 Probis
496 2254 581 2310 vero,
605 2234 753 2311 Olybriis,
780 2236 936 2314 Maximis,
963 2234 1151 2318 Symmachis

55 2316 234 2397 ceterisque
257 2317 403 2378 eiusmodi
430 2320 583 2379 Romanae
605 2316 689 2378 urbis
709 2319 884 2400 proceribus
907 2320 1021 2400 priscae
1044 2322 1152 2381 inscri-

54 2398 199 2477 ptiones,
221 2419 296 2481 quas
314 2421 432 2461 summa
449 2401 601 2482 diligentia
625 2421 722 2460 unum
747 2404 779 2460 in
795 2421 904 2483 corpus
928 2402 1042 2482 redegit
1060 2403 1151 2465 lanus

56 2482 233 2560 Gmterns,
248 2480 337 2564 plura
356 2483 639 2559 subministrabunt;
663 2501 734 2544 cnm
754 2486 923 2544 coaetaneis
939 2484 1150 2564 scriptoribus,
1265 2499 1276 2508 “

54 2562 224 2642 Ausonio,
251 2566 272 2625 S
295 2566 454 2643 mmacho,
475 2566 667 2642 Prudentio,
689 2565 874 2640 Claudiano,
901 2565 1031 2625 Paulino
1048 2576 1107 2626 etc.

144 2646 255 2729 Paga
282 2647 692 2733 .C.[470,17.]Entremas
707 2648 816 2707 liniue
831 2668 910 2708 oras.
933 2647 1026 2724 Quid,
1048 2650 1072 2707 sl
1089 2647 1170 2707 Hi

54 2729 317 2895 mittis
332 2729 1151 2893 stantstalttatrmdtl⁰et

55 2914 154 2956 auum
173 2894 213 2955 ad
233 2897 363 2972 inferos,
382 2897 441 2957 hoc
462 2906 527 2967 est,
552 2894 590 2954 ad
613 2894 803 2976 Antipodas,
834 2895 1003 2958 descensus.

142 2978 224 3059 Peg.
239 2978 286 3040 15.
304 2979 338 3040 C.
369 2978 440 3061 471,
458 2975 503 3060 m]
520 2976 735 3038 Valentiniano
761 2977 914 3038 redditum
935 2975 1149 3038 Constantino⁴

99 3059 122 3121 li
140 3061 347 3122 aTbeodosio
391 3059 547 3122 obiliasimi
567 3059 708 3131 titulum,
737 3071 804 3121 tum
827 3059 1060 3120 Thessalonicae
1083 3059 1148 3120 col·

68 3155 151 3205 atam
165 3144 299 3205 Caesaris
317 3143 495 3225 dignitatem
517 3163 611 3224 opera
635 3142 783 3222 Heliouis,
805 3144 939 3226 magistri
965 3140 1146 3224 officiorum,

57 3237 188 3288 exeunte
210 3248 291 3287 anno
315 3229 389 3302 423.
414 3237 466 3288 aut
490 3227 641 3308 sequentis
659 3226 763 3304 initio,
787 3248 848 3309 quo
875 3226 1015 3308 quintum
1039 3227 1148 3308 agebat

57 3328 188 3387 annum,
206 3310 293 3372 docet
303 3309 540 3393 Olympiodorus
551 3357 561 3387 ,
582 3311 631 3370 cui
651 3308 747 3370 ferme
772 3309 802 3369 in
824 3309 964 3370 omnibus
985 3308 1148 3373 subscribit

57 3389 289 3476 Philostorgius.
324 3396 411 3473 Quae
425 3404 571 3476 praeeunt
583 3391 685 3469 verba,
702 3396 745 3454 sic
760 3390 869 3453 clarius
887 3391 1027 3475 poterant
1041 3393 1144 3456 reddis

57 3472 221 3537 Submissru
240 3498 353 3562 quoqne
378 3479 541 3552 emmeno,
577 3476 627 3535 eni
654 3490 818 3558 praeerant
843 3479 991 3560 urnisque
1021 3476 1147 3536 militnm

56 3555 341 3631 doeArdatnina,
352 3561 444 3646 filim
461 3562 523 3620 eim
539 3556 661 3642 Asper,
689 3573 718 3619 et
739 3559 954 3620 Carrdt'eis'crnns.
1000 3556 1145 3617 Ardabu·

57 3641 140 3701 rium
161 3652 283 3721 captum
310 3644 342 3701 iu
362 3665 470 3704 manus
499 3642 620 3701 loannes
647 3644 769 3723 tyranni
797 3645 935 3716 reabse,
966 3640 1145 3721 priusquam

57 3719 171 3804 Aspar,
201 3726 265 3783 eins
284 3723 374 3798 tilius,
402 3725 442 3785 ab
460 3727 644 3806 Imperatore
673 3745 743 3784 curn
773 3737 919 3806 potestate
954 3723 1143 3797 mitteretur,

58 3806 148 3866 multi
186 3806 329 3870 referunt.
378 3805 457 3868 Vide
481 3811 559 3867 inter
584 3818 699 3868 cetmos
735 3808 889 3868 Socratem
925 3803 1144 3864 scholasticum

57 3885 128 3948 libri
149 3909 179 3970 7.
203 3911 271 3970 cap.
284 3890 358 3964 23„
379 3890 432 3949 ubi
456 3890 495 3949 de
524 3890 667 3949 Ravenna
685 3891 779 3950 ductu
806 3888 915 3969 Angeli
935 3888 1063 3967 pastoris
1087 3886 1143 3944 ha-

57 3967 156 4030 bitum
181 3973 315 4032 ementiti
344 3970 384 4030 ab
408 3972 513 4032 eodem
536 3973 653 4052 Aspare
684 3984 771 4055 capta
797 3971 917 4050 longam
940 3969 1144 4028 narrationem

57 4055 154 4132 terit,
175 4075 267 4135 quam
286 4054 444 4114 confirmat
459 4054 661 4136 Theophanes
680 4059 711 4118 iu
734 4054 907 4124 Chronico,
934 4060 1026 4130 atque
1050 4071 1084 4109 cx
1106 4071 1143 4110 eo

59 4131 234 4202 Anastasius
250 4137 501 4198 Bibliothecarius
525 4159 594 4220 pag.
615 4137 664 4202 36.
684 4134 823 4196 editionis
844 4134 963 4218 regiae,
984 4143 1015 4195 et
1028 4132 1143 4195 Paulus

92 4249 252 4326 Dexippus,
278 4251 427 4324 Eutropius
442 4263 495 4314 etc.¹
908 4249 941 4320 37
