2909 4717
328 133 372 196 ut
397 128 581 197 sesooss
611 129 780 196 munim
810 134 957 201 isacar.
1098 110 1180 202 583

85 279 192 354 editis
225 287 418 368 manuscrip‘
478 307 496 347 e
521 284 685 347 codicibus.
728 286 908 349 Damascius
929 290 962 350 in
987 292 1050 353 vita
1074 290 1181 355 lsidori
1254 319 1258 328 ’

89 363 284 448 Philosophi
310 368 448 429 Armeric
472 390 525 430 um
548 380 658 449 vocat,
676 368 834 451 docetque,
859 371 1011 433 severiani
1039 375 1183 440 adversus

88 447 258 524 Zenonem
282 453 520 513 coniurationem
547 451 587 511 ab
609 473 646 513 eo
673 451 765 512 fuisse
784 453 956 514 detectam:
985 453 1181 537 ’Appsor'yov

88 530 159 590 τοῦ
181 522 344 614 ”Acnspoc
364 529 479 605 παιδὸς
498 526 669 608 ἐξειπόντος
687 528 745 614 τὴν
764 533 965 611 συνωμοσίαν
981 537 1024 620 τῷ
1045 513 1181 619 Ζῆαιανι.

90 611 248 675 Basilium
276 627 307 677 et
329 616 574 678 Hermenericum
599 617 685 677 Coss.
711 637 791 678 anno
817 618 931 679 Christi
958 618 1030 694 465.
1053 625 1182 704 assignat

90 695 299 759 Marcellinus
318 700 445 762 Comes:
475 700 699 760 Herminericus
725 699 836 761 dicitur
858 700 1056 779 Cassiodoro,
1085 705 1215 770 FastisP,
1236 720 1286 774 ,06

92 798 177 840 vero
192 781 300 842 Siculis
321 784 384 842 sive
403 783 555 844 Chmnico
576 781 779 843 Alexandrino
810 776 1047 864 Ἀρμενάριχος.
1083 786 1185 848 Theo·

94 860 221 944 phanes
236 866 268 923 in
289 861 404 925 Chron.
424 864 635 926 Armcnarichi
659 865 749 926 huius
768 888 828 927 non
850 869 997 926 meminit.

186 946 325 1028 Pag.18.
341 948 376 1008 C.
393 946 481 1031 [dpl,
497 947 543 1030 8.]
554 950 705 1009 Zenonem
720 950 793 1009 dcta
809 948 950 1010 Ariadne
954 948 1033 1034 filia
1044 973 1183 1033 genem

94 1026 234 1089 adscivit
249 1043 278 1090 et
298 1031 331 1092 in
360 1031 481 1091 Oriente
504 1032 606 1090 dinem
627 1035 771 1092 smmum
791 1035 917 1093 creauit.
961 1035 1026 1093 lam
1048 1034 1088 1094 ab
1101 1057 1183 1097 anno

93 1110 214 1172 Leonis
242 1113 319 1194 lmp.
346 1118 473 1195 septimo
495 1113 694 1195 Theophanes
721 1117 874 1175 Zenonem
904 1137 1047 1196 generum
1073 1119 1183 1181 Leonis

93 1193 235 1274 appellat
261 1206 294 1256 et
326 1197 358 1256 in
392 1196 549 1257 Orientem
580 1197 702 1257 missum
731 1198 857 1259 scribit:
881 1197 975 1259 Λέων
993 1194 1010 1258 o‘
1031 1195 1183 1277 βασιλεὺς

96 1273 241 1355 Ζήνωνα
261 1273 317 1339 τὸν
335 1273 479 1360 γαμβρὸν
500 1270 601 1340 acroi
629 1274 799 1359 στρατηγὸν
820 1279 873 1358 τῆς
903 1274 983 1362 ἑῴας
1005 1276 1106 1362 πάσης
1126 1302 1183 1342 αε-

89 1358 214 1499 rtltitn‘rprs
235 1371 306 1437 etc,
328 1382 406 1443 quae
423 1362 590 1502 sipsLatinc
616 1362 747 1422 reddidit
778 1362 954 1422 Anastasius
980 1363 1122 1424 Biblioth.
1148 1367 1182 1426 in

95 1453 188 1584 all·
207 1442 414 1609 &llll
434 1454 517 1611 tl.
530 1445 982 1609 emeretensis
999 1446 1184 1611 stult

97 1610 189 1668 ternu
210 1609 340 1670 Orientis
351 1611 444 1691 fecit,
469 1624 498 1671 et
517 1609 707 1687 Basiliscum,
714 1614 851 1691 fratrem
870 1611 905 1669 V
900 1613 1001 1671 erinae
1016 1611 1181 1692 Augustae,

97 1690 282 1772 Magistrum
300 1694 448 1753 Thracem
463 1694 619 1753 constiutit.
644 1693 728 1754 Zeno
743 1706 840 1753 amem
859 1696 978 1753 vernens
994 1692 1182 1756 Antr'ocluhm

99 1775 219 1835 invenit
245 1776 278 1836 in
312 1795 350 1835 ea
377 1778 543 1859 episcoprun
570 1797 687 1836 saencn
715 1776 908 1854 Manynnn.
953 1775 1056 1836 Petrus
1085 1791 1183 1838 arcem
1262 1785 1267 1798 ’

100 1856 258 1939 &apicus
286 1860 460 1943 sequebamr
484 1859 637 1919 Zenonem
661 1869 743 1937 etc,
765 1878 842 1940 quae
865 1858 904 1919 ad
932 1859 1103 1919 institutum
1125 1881 1182 1920 no·

99 1950 201 2000 strum
226 1961 289 2000 non
315 1941 478 2022 pertinent.
519 1941 610 2001 Anno
639 1962 713 2001 vero
736 1941 870 2002 eiusdem
893 1941 1002 2002 Leonis
1031 1944 1077 2002 13.
1102 1942 1182 2012 idem

103 2021 383 2105 Chronographus,
408 2035 570 2166 affluam
600 2024 722 2084 caedem
753 2022 877 2106 Asparis
905 2023 1095 2106 filiorumque
1119 2028 1183 2088 eius

99 2105 212 2166 reserat
226 2151 236 2185 ,
251 2109 404 2167 Zenonem
420 2108 444 2166 s‘
478 2109 566 2182 ‘iter,
589 2128 733 2189 generum
749 2108 870 2186 Leonis,
891 2107 921 2167 in
932 2107 1093 2167 Thraciam
1111 2110 1183 2168 mis·
1251 2173 1254 2180 ‚

99 2209 170 2250 sum
190 2193 304 2250 asserit.
347 2190 524 2251 Theodorus
539 2211 661 2273 quoque
675 2191 784 2250 Lector
800 2191 854 2251 lib.
884 2210 910 2249 i.
927 2188 1005 2251 Coll.
1028 2192 1182 2252 Zenonem

101 2267 322 2353 στρατηλάτην
342 2270 398 2332 καὶ
414 2267 558 2351 γαμβρὸν
578 2269 632 2333 s'nl
650 2267 788 2352 θυγατρὶ
801 2263 951 2353 Ἀριάδνη
971 2271 1029 2332 τοῦ
1043 2270 1182 2345 Λέοντος

101 2354 246 2435 appellat,
273 2376 346 2416 eum
363 2354 556 2416 Antiochiam
573 2355 688 2415 venisse
705 2357 809 2415 asserit
827 2376 897 2416 cum
917 2337 1009 2416 Petro
1026 2354 1179 2437 Cnapheo,

101 2433 206 2520 templi
227 2449 346 2499 sanctae
365 2440 474 2500 Bassae
492 2440 651 2520 martyris,
669 2439 752 2520 quod
776 2437 967 2497 Chalcedone
988 2449 1076 2514 erat,
1110 2458 1182 2519 pre-

101 2521 235 2603 sbytero.
280 2521 324 2582 At
347 2543 420 2582 vero
450 2520 604 2582 Candidus
635 2531 759 2596 noster,
787 2519 980 2579 Marcellinus
1004 2531 1037 2579 et
1101 2518 1182 2580 idmn

104 2604 155 2666 alii
177 2606 296 2686 nuptias
313 2605 424 2664 Leonis
441 2624 512 2663 cum
534 2603 669 2664 Ariadna
690 2612 759 2683 post
780 2623 884 2662 necem
910 2601 1034 2683 Asporis
1085 2600 1182 2676 'fferre
1193 2611 1222 2665 V.
1232 2628 1283 2684 ²⁰7

104 2689 263 2749 videntur:
284 2687 361 2748 Sunt
369 2702 468 2747 tamen
488 2687 611 2770 quedam
627 2699 776 2759 auctores,
793 2686 892 2766 inquit
906 2684 1058 2759 Zonaras,
1081 2684 1182 2767 Aspa-

103 2792 166 2831 rem
183 2770 426 2831 etAnlubnrurm
439 2789 476 2828 ea
494 2771 595 2849 gruna
617 2789 639 2828 a
657 2768 756 2828 Leone
778 2768 960 2848 suffectos,
992 2779 1024 2826 ut
1050 2779 1183 2850 nepotem

104 2876 145 2914 ex
163 2853 241 2937 filio
260 2854 387 2914 Leonem
400 2851 551 2911 Iuniorem
571 2851 652 2932 Imp.
678 2862 810 2924 crearet,
840 2852 966 2909 aeritimi
985 2849 1105 2908 illenim
1123 2870 1182 2932 po-

104 2939 242 3009 eruum,
263 2959 301 2997 ne
317 2935 455 3021 despecta
474 2935 557 2994 luiso
573 2934 703 3013 irffantia
724 2933 881 3016 imperium
903 2932 961 2990 sibi
982 2931 1179 2994 uindicarent.

185 3018 262 3101 Peg.
280 3019 326 3080 18.
341 3019 378 3078 C.
394 3015 481 3101 [474
503 3012 564 3096 rm]
586 3018 671 3100 Qrme
685 3018 717 3076 in
725 3014 834 3094 Africa
854 3014 980 3074 recorda
998 3014 1182 3099 adversaque

103 3103 219 3184 gesserit
245 3102 417 3162 Basiliscu-
463 3099 563 3158 Huius
594 3099 785 3179 aliorumque
815 3096 928 3157 ducum
969 3095 1116 3157 infelicem
1148 3097 1181 3160 iu

107 3184 206 3246 Africa
222 3185 440 3265 expeditionem
463 3179 602 3263 pluribus
621 3183 652 3241 in
671 3181 823 3241 Chronico
848 3200 1028 3260 exponemus
1049 3201 1084 3240 ex
1100 3180 1179 3240 lda-

105 3269 171 3343 tio,
194 3266 391 3343 Marcellino,
418 3264 726 3328 TheodoroLectore
750 3262 804 3323 lib.
827 3283 852 3325 r.
875 3261 1010 3336 Collect,
1030 3262 1084 3323 ubi
1103 3263 1182 3325 inter

106 3361 217 3411 cetera:
246 3347 438 3418 Βασιλίσκας
464 3343 612 3426 χρήματα
640 3341 747 3425 λαβών
767 3337 867 3406 πάντα
885 3345 1042 3424 προέδωκε
1062 3366 1181 3426 παραι-

106 3432 186 3498 stoa
200 3423 380 3512 Ἆσααρας,
404 3429 554 3510 Procopio
576 3429 629 3490 lib.
660 3425 872 3504 1.Vandalic.,
888 3427 1097 3512 Theophane,
1120 3429 1181 3488 Zo-

107 3536 194 3591 ana,
226 3514 384 3592 Cedrenc,
417 3512 614 3572 Constantino
643 3513 802 3589 Manasse,
843 3511 1015 3593 Nicephoro
1045 3511 1181 3590 aliisque.

109 3597 260 3678 Quaedam
281 3597 331 3658 hic
354 3599 385 3655 in
400 3607 586 3656 antecessum
611 3595 704 3655 verba
717 3593 910 3693 Theophanis
932 3603 1123 3677 repraesento
1144 3613 1181 3652 es

109 3683 170 3744 MS.
193 3691 296 3742 nostro
323 3679 464 3740 Codice:
498 3677 681 3756 ναυμαχίας
705 3679 854 3748 nollunt<
885 3676 942 3737 τοῦ
971 3675 1002 3740 Γ
999 3672 1179 3770 εντζερίζαυ

109 3759 182 3839 μετὰ
199 3765 264 3824 τῶν
277 3761 360 3843 νηῶν
374 3759 418 3844 τῷ
442 3760 484 3838 βυ
518 3757 534 3775 ’
547 3752 711 3838 napudoris
718 3805 728 3835 ,
751 3749 820 3818 sira
842 3755 898 3817 καί
916 3749 1015 3835 αὐτὴν
1034 3751 1161 3833 illurn&

110 3842 299 3943 llopmddru
319 3845 489 3924 sparsione,
509 3861 639 3920 υστερον
658 3840 694 3900 δὲ
714 3834 776 3900 ὕπὸ
789 3838 821 3900 Γ
817 3836 996 3917 εντζερίχοα
1019 3833 1074 3896 καί
1094 3837 1182 3896 πλει-

111 3950 186 4001 σταις
207 3947 353 4011 χρημασι
373 3924 553 3998 δελεασθεὶς
584 3916 706 4005 ἡττήθη
725 3914 818 4001 ἑκών,
845 3914 889 3992 ὥς
910 3912 1069 3999 Περσικὸς
1092 3917 1181 4002 (sorte

112 4011 254 4096 Πρίσκος)
275 4005 440 4089 ἱστόρησεν
458 4002 476 4068 d
499 4003 596 4094 Θρᾷξ.
1218 4005 1226 4032 ⁸
