2909 4717
286 291 313 352 Χ
707 274 957 344 interlito:

288 452 402 521 propter
418 444 563 499 amicitiem
590 455 645 515 qua
669 445 810 506 memus,
841 453 925 514 quarn
951 443 1065 512 propter
1087 439 1197 496 unicam
1213 437 1387 514 rimaeque

282 551 471 613 eslenmeen,
491 562 572 619 quam
596 548 627 599 in
652 542 826 597 recensendis
844 542 1010 597 Graecorum
1028 544 1107 598 libris
1126 560 1187 597 cum
1205 544 1383 599 eruditionis

285 655 447 726 ingeniique
458 652 562 706 lumine
575 649 748 704 coniunctam
756 638 876 700 exhibet
896 648 1014 701 Accerte
1026 650 1052 702 ei
1067 647 1143 702 laudi
1159 664 1212 720 qus
1218 647 1387 706 Pontianus,
1420 628 1421 669 ¹

286 759 392 811 loetum
415 755 548 827 pictorem
569 761 664 809 umet:
682 750 762 823 „plus
779 749 915 805 neminem
927 752 1050 823 potuisse
1058 753 1244 825 plngere,nec
1256 750 1384 841 melin(

285 878 379 933 parem
396 860 509 914 omnino
527 859 557 912 in
576 866 669 912 nostro
687 857 841 910 litterarum
858 872 955 927 genere
967 854 1091 910 Bellero
1109 855 1285 910 tribuendam
1302 871 1382 921 esse,

285 980 384 1028 nemo,
400 963 500 1027 eredo,
517 962 646 1035 ambIget.
682 962 782 1031 Rogavi
800 978 861 1015 eum
877 961 978 1030 igitur,
994 959 1042 1014 sed
1060 959 1173 1032 timide;
1193 961 1297 1032 quippe
1317 978 1384 1013 non

287 1070 397 1122 nescius
415 1082 478 1119 eum
495 1065 626 1121 hactenm
644 1066 756 1120 nonnisi
774 1064 881 1119 collatis
899 1064 1040 1119 codicibus
1065 1065 1190 1141 innisum
1216 1054 1303 1117 libro's
1332 1081 1384 1118 re·

287 1169 438 1224 censendos
459 1170 626 1241 suscepisse3
650 1176 680 1222 st
695 1170 724 1221 in
741 1167 786 1220 bit
802 1167 968 1237 legationum
987 1168 1120 1239 excerptis
1139 1166 1264 1221 codicum
1282 1162 1384 1221 subsi-

289 1272 367 1326 dium
384 1272 479 1327 ederet
496 1274 620 1328 nullum:
640 1289 704 1324 num
721 1271 914 1325 Monacensem
932 1271 967 1325 ab
984 1272 1148 1326 Hoesehello
1165 1271 1379 1326 accuratissime

289 1379 454 1449 exscriptum
472 1394 532 1432 esse
549 1383 671 1441 constat,
689 1375 814 1428 Vaticani
825 1376 1018 1429 autemvarise
1035 1375 1169 1430 lectiones
1189 1375 1225 1429 ab
1244 1375 1286 1435 ill.
1298 1374 1382 1428 Maio

286 1480 412 1552 prolatae
430 1496 518 1551 paene
530 1479 693 1532 >absolutum
711 1493 773 1529 cuna
792 1477 842 1530 illo
860 1494 1019 1531 eonsensum
1038 1477 1171 1547 probunt:
1185 1495 1277 1551 neque
1300 1479 1382 1532 nllus

285 1592 396 1655 praeter
409 1582 470 1648 laos,
486 1582 596 1635 sublato
614 1566 915 1634 eslsomlnumnotltis
925 1579 1081 1645 Schottuno,
1091 1596 1232 1652 superesse
1251 1568 1381 1636 videtur.

287 1686 361 1752 Sed,
379 1687 455 1761 quod
470 1685 581 1760 quidem
592 1700 778 1754 speraveram,
797 1684 1054 1739 dedesitlieklerus
1072 1701 1132 1739 mea
1148 1702 1228 1738 causa
1246 1687 1281 1740 de
1298 1678 1383 1740 more

286 1807 353 1857 suo;
375 1786 958 1861 acceptisqnelloescheliunaeMaisnaeque
974 1789 1127 1843 editionum
1139 1790 1286 1859 exemplis,
1301 1808 1381 1861 quo-

288 1910 348 1947 rum
362 1893 475 1960 margini
495 1891 663 1943 coniecturas
680 1890 749 1942 mihi
767 1899 858 1956 nutas,
872 1892 1031 1963 valeriique
1052 1891 1255 1947 emendationes
1272 1893 1383 1945 adscri-

286 2012 404 2067 pseram.
422 1995 480 2064 lpse
499 1994 634 2047 universis
651 1992 726 2046 hisce
743 1994 870 2063 reliquiis
892 1994 1068 2049 ementiendis
1085 2012 1114 2048 se
1135 1994 1220 2048 dedit.
1246 1997 1280 2048 lit
1299 1990 1382 2068 qnod

286 2100 323 2150 ad
340 2099 402 2150 illes
421 2094 533 2168 quidem
555 2096 675 2160 attinet,
693 2095 852 2150 Parisicnsis
871 2095 1002 2150 editionis
1020 2097 1173 2168 exemplar,
1192 2096 1380 2171 Maianaeque

289 2201 442 2270 eclogarum
468 2198 502 2252 de
526 2200 688 2264 sententiis,
716 2198 843 2269 plurimis
870 2198 938 2251 locis
963 2205 1098 2264 correcta,
1125 2200 1248 2269 remisit,
1280 2216 1379 2254 rerum

288 2308 327 2359 tn
351 2309 384 2355 ut
406 2300 521 2355 arbitrio
543 2316 605 2356 meo
624 2300 794 2373 relinqueret
811 2303 835 2354 si
857 2301 925 2372 quid
946 2299 1049 2355 addere
1069 2309 1119 2355 aut
1135 2311 1241 2356 mutare
1266 2297 1378 2357 vellem.

288 2407 352 2478 Quo
373 2406 503 2479 equidem
517 2408 558 2459 its
578 2422 643 2459 nans
666 2420 726 2458 sum
736 2443 746 2471 ,
765 2412 797 2458 ut
814 2405 945 2476 plurimas
965 2406 1127 2476 praesertim
1144 2405 1264 2461 Belleri
1282 2425 1378 2463 ernen-

291 2511 418 2564 dationes
437 2527 507 2583 quse
526 2509 693 2587 certissimae
717 2506 878 2564 riderentur
893 2510 923 2561 in
941 2508 1066 2562 ordinem
1083 2512 1215 2565 sermonis
1232 2511 1378 2566 inferrem:

288 2612 415 2669 adderem
439 2608 523 2667 etiam
541 2610 662 2667 subinde
687 2630 758 2685 quse
781 2615 880 2666 iterato
904 2613 1028 2665 examine
1048 2613 1077 2667 in
1097 2619 1216 2667 mentem
1234 2615 1304 2669 milri
1331 2632 1379 2670 ve·

288 2718 394 2772 alrent:
413 2731 448 2769 es
464 2714 509 2768 his
524 2722 616 2769 sutem
627 2732 699 2787 quse
715 2731 731 2766 s
750 2732 795 2770 me
813 2718 954 2787 proposita
965 2714 1105 2781 Bellero,
1123 2719 1202 2771 cuius
1220 2720 1376 2772 auctoritati

177 2826 178 2829 ’
291 2822 322 2874 ln
347 2823 480 2874 sermonis
505 2820 664 2889 cognitione
696 2822 810 2886 omnis,
835 2820 904 2873 mihi
929 2819 1002 2873 nihil
1026 2819 1085 2875 iere
1109 2824 1220 2888 tribuo,
1245 2823 1377 2894 displicu-

290 2926 345 2979 isse
372 2924 514 2989 rldebam,
532 2923 603 2978 nihil
628 2923 745 2989 reduxi,
772 2933 882 2995 praeter
904 2942 1034 2997 perquam
1058 2942 1143 2996 panes
1178 2944 1248 3002 quae
1273 2945 1308 2981 ex
1334 2927 1378 2980 hl-

291 3032 377 3084 storis
394 3028 571 3082 diiudicanda
590 3034 687 3081 essent
723 3029 815 3098 Usque
840 3025 909 3080 adeo
931 3037 1022 3081 nutem
1041 3026 1165 3083 Bellero
1186 3030 1302 3102 obsequi
1320 3047 1377 3083 me·

291 3150 367 3186 arum
383 3135 503 3203 partium
528 3147 586 3185 esse
604 3128 686 3195 duxi,
703 3138 735 3184 nt
742 3169 753 3196 ,
776 3131 883 3185 etiamsi
908 3131 1025 3185 subinde
1043 3132 1200 3203 suspicabar
1216 3137 1376 3205 scriptorum

275 3236 385 3307 ‚potius
407 3236 490 3301 ritis,
515 3252 632 3308 quornm
651 3251 739 3287 sermo
761 3235 863 3287 saeculi
881 3237 924 3288 sui
942 3236 1006 3292 labe
1023 3244 1164 3290 contactus
1185 3246 1270 3303 esset,
1297 3253 1375 3310 quarn

294 3340 445 3393 scribarum
475 3339 629 3411 sphalmata
644 3339 726 3403 tolli,
751 3339 896 3410 impudens
923 3347 1015 3393 tamen
1039 3339 1108 3392 milri
1132 3342 1206 3394 risus
1229 3358 1330 3405 essem,
1351 3340 1373 3391 si

292 3450 478 3517 contraquam
496 3444 545 3498 ille
567 3444 725 3509 statuisset,
745 3440 909 3498 desiderem.
930 3443 972 3497 ld
989 3444 1042 3496 hoc
1059 3462 1142 3516 genus
1162 3445 1232 3498 illud
1249 3445 1375 3514 pertinet,

292 3556 325 3601 ut
349 3549 472 3619 exempla
494 3548 651 3619 proferam,
669 3549 745 3621 quod
761 3566 843 3619 saepe
863 3565 913 3619 pro
931 3551 1033 3602 aoristo
1050 3552 1139 3620 primo
1156 3550 1278 3602 futurum
1297 3563 1373 3616 repo·

292 3654 355 3716 nit,
374 3657 438 3716 snt,
457 3651 508 3705 ubl
525 3651 599 3722 apud
615 3652 749 3718 Priscum,
764 3651 918 3717 Mulelaum,
935 3649 1133 3717 Menandrum,
1153 3653 1283 3705 articulus
1301 3649 1371 3702 ‹lesi-

293 3754 421 3820 derstur,
444 3772 526 3827 quem
547 3762 620 3810 certe
649 3774 705 3809 non
721 3756 812 3809 minus
830 3755 944 3809 rationis
963 3771 1045 3828 quam
1069 3770 1150 3808 sanae
1173 3752 1372 3809 consuetudinis

292 3858 367 3928 leges
384 3860 527 3931 lisgitsnt,
546 3876 608 3914 eum
631 3859 744 3925 inserit,
763 3858 808 3913 vel
823 3876 898 3913 casus
919 3859 1048 3932 obliquos
1069 3862 1264 3932 pronominum
1281 3851 1327 3912 ier
1345 3860 1371 3906 et

293 3949 378 4021 οὗτος
394 3980 455 4017 curn
468 3965 566 4019 iisdem
582 3965 660 4036 qula
676 3961 792 4016 τοιόσδε
804 3970 832 4017 et
848 3965 980 4022 τοιοῦτος
992 3965 1157 4029 formentur,
1173 3971 1267 4016 mutat
1289 3952 1370 4017 Chr&

294 4064 484 4136 nogrsplrism,
502 4082 584 4139 quam
602 4066 689 4120 editio
707 4073 799 4125 nostre
812 4067 842 4119 in
858 4068 980 4139 margine
998 4064 1128 4134 exhibet,
1146 4067 1182 4123 ad
1200 4069 1322 4137 excerpta
1339 4058 1369 4112 dt

294 4167 480 4238 legationibus
498 4188 555 4227 non
572 4173 627 4230 teri
645 4169 742 4229 labore
758 4169 954 4229 subituram
