2909 4717
337 239 591 306 inamoena
623 238 917 306 osrnuonom.
1078 207 1164 302 563

176 392 681 481 Pag.5.n.[451‚17.]1auanwn
704 397 812 458 &rade
825 418 861 458 eo
878 399 942 481 ipso
959 407 1087 483 tempore
1102 400 1168 462 No·

86 477 262 540 bilissimum
277 482 452 542 ηοηιίηανιὶ.
493 482 543 541 Sic
562 482 674 563 quippe
693 479 904 563 corrigendum
917 481 1059 543 mendum
1078 494 1168 566 typo-

76 563 196 623 ¹thetae
226 560 406 644 negligentia
440 562 608 625 inductum.
652 561 833 624 Nobilissimi
865 562 1040 645 dignitatem
1060 587 1113 647 per
1132 577 1169 628 ea

79 656 229 728 tempora
249 646 457 728 Augustorum
477 646 546 708 filiis
560 647 732 729 autpropin
775 648 801 707 is
813 645 958 707 tributam
969 648 1074 708 videor
1093 649 1169 711 mihi

87 729 265 790 observasse
285 728 435 811 quendam
455 729 550 790 veluti
570 731 697 813 gradm
716 752 734 790 a
787 730 922 790 Caesaris
940 749 1051 790 nomen
1071 729 1171 812 digni·

87 821 246 894 tatemque
266 814 421 873 exstitisse.
463 813 566 895 Neque
590 812 678 895 longe
705 813 889 886 abeundum,
918 834 990 874 eum
1010 811 1172 895 Olympio-

89 894 187 955 dorus
206 905 308 956 noster
328 894 419 977 paulo
438 907 507 977 post
527 907 629 978 aperte
646 898 835 978 pronuntiet,
843 895 1091 957 Valentinianum
1100 890 1169 973 lli„

88 980 148 1060 qui
168 981 326 1060 superstite
355 981 518 1039 etiamnum
541 981 676 1040 Honorio
697 979 794 1039 dietus
823 979 921 1040 fiaerat
947 978 1172 1060 Nobilissimus,

90 1062 267 1142 impellente
290 1061 414 1122 fratrem
437 1060 588 1135 Placidia‚
618 1073 685 1144 post
717 1063 845 1124 Honorii
871 1069 1000 1123 mortem
1029 1064 1264 1130 restitutoV.sor

90 1145 228 1226 primum
249 1143 507 1226 Constantinopoli
527 1144 710 1206 Nobilissimi
731 1145 840 1223 titulo,
867 1156 934 1206 tum
962 1147 1043 1207 iussu
1071 1143 1175 1206 Theo-

90 1227 172 1288 dosii
192 1228 421 1288 Thessalonicae
441 1228 599 1288 Caesarem
617 1240 846 1309 nuncupatum,
876 1250 912 1289 ao
932 1229 1041 1290 deinde
1060 1229 1176 1291 Romae

84 1309 136 1370 ab
159 1308 286 1371 Helione
305 1311 437 1372 Patricio
455 1319 485 1372 et
511 1309 678 1372 officiorum
704 1313 849 1393 Magistro
870 1312 1065 1393 Imperatoria
1092 1321 1176 1373 veste

92 1393 239 1453 indutum
259 1393 361 1454 fuisse.
403 1396 450 1455 De
473 1415 548 1454 voce
565 1392 688 1455 consule
708 1387 819 1454 lulium
838 1393 993 1455 Camarem
1016 1393 1176 1477 Bullenge

85 1495 167 1536 rum
188 1475 226 1536 de
248 1477 326 1558 Imp.
347 1476 501 1550 Romano,
525 1478 668 1537 Iacobum
683 1477 863 1537 Gutherium
884 1478 922 1539 de
941 1472 1045 1539 officiis
1057 1479 1176 1540 Domus

88 1559 270 1641 Augustae,
298 1561 464 1620 Meursium
491 1570 521 1619 et
550 1559 731 1620 Fabrotturn
764 1561 796 1619 in
829 1560 1005 1636 Glossariis‚
1027 1559 1174 1643 aliosque.

95 1642 163 1702 Nec
180 1639 363 1723 superfluum
385 1640 463 1702 forte
482 1642 573 1702 flierit
592 1643 641 1703 hie
662 1644 831 1717 monuisse,
860 1643 973 1726 duplici
996 1643 1176 1725 plerumque

95 1724 276 1806 compendio
296 1746 407 1785 nomen
429 1724 504 1784 illud
533 1723 651 1797 efferri,
675 1725 726 1786 vel
756 1724 883 1805 simplici
913 1727 962 1800 Ν.,
985 1729 1071 1787 utin
1093 1725 1176 1787 fastis

94 1810 288 1890 mammisque
309 1807 472 1884 veteribus,
491 1805 539 1867 vel
560 1808 675 1890 syllaba
694 1809 808 1890 integra
820 1808 911 1886 Nob.‚
939 1820 973 1869 ut
1001 1809 1082 1892 apud
1104 1806 1176 1869 lda-

96 1892 178 1951 tium
205 1892 238 1950 in
275 1890 358 1951 fustis
384 1889 615 1967 Consularibus,
648 1892 798 1950 Ricimere
832 1901 862 1951 et
889 1889 1036 1953 Clearcho
1058 1892 1173 1953 coss:

95 1974 171 2057 Ipso
189 1994 267 2033 auno
283 1987 368 2033 natus
382 1988 424 2033 est
436 1973 587 2033 Honorius
607 1973 684 2033 Nob.
700 1976 732 2033 in
768 1976 885 2056 arpenas
900 1974 951 2034 die
959 1971 1001 2035 V.
1013 1975 1066 2035 Id.
1078 1972 1174 2059 Sept,

176 2074 237 2136 quo
265 2056 388 2137 quidam
407 2056 485 2116 male
513 2057 698 2116 substituunt
748 2057 819 2116 obis.
862 2056 1035 2118 Notandum
1056 2073 1178 2139 qnoque
1243 2097 1251 2110 ·

92 2076 336 2221 HNilostorgiurn
356 2149 497 2199 tmemate
523 2161 568 2200 ro.
590 2138 644 2199 lib.
672 2157 720 2197 ια.
743 2158 805 2198 non
827 2139 965 2200 Latinam
986 2158 1110 2211 vocem,
1141 2147 1178 2199 ut

97 2219 352 2325 Olympipdorus,
375 2223 427 2283 sed
448 2223 592 2282 Graecam
610 2241 778 2303 usurpasse,
810 2214 867 2300 τὴν
890 2221 947 2283 τοῦ
966 2211 1178 2307 smpavaord·

90 2323 156 2365 -του
182 2327 202 2364 α
221 2325 285 2364 sav.
387 2351 390 2356 .

90 2431 95 2438 -
183 2310 262 2468 Plzg.
277 2385 308 2447 5.
323 2384 545 2470 D.[451‚ao.]
566 2388 613 2448 De
633 2387 722 2463 lorii,
734 2382 880 2447 Praefecti
889 2381 1047 2447 Praetorio
1068 2396 1097 2447 et
1116 2384 1179 2449 Pa-

99 2470 236 2531 triciatus
257 2469 400 2551 dignitate
420 2471 577 2548 sublimis,
606 2469 795 2551 aliorumque
814 2470 853 2529 ab
874 2467 1010 2528 Honorio
1029 2471 1118 2530 missa
1139 2465 1180 2531 ad

99 2552 241 2615 Attalum
263 2552 431 2635 legatione,
460 2555 653 2636 eiusdemque
684 2554 760 2612 lovii
787 2550 911 2633 perfidia
931 2548 1074 2632 legendus
1094 2552 1181 2612 Zosi·
1299 2551 1303 2555 ’

100 2657 192 2708 mus,
218 2635 287 2695 licet
306 2634 452 2695 nonnulla
472 2638 622 2708 omiserit,
645 2656 723 2716 quae
735 2636 773 2694 ad
790 2632 996 2694 illustrandam
1008 2645 1181 2715 temporum

99 2718 224 2781 illorum
244 2718 399 2798 historiam
420 2722 563 2800 excerpsit
574 2718 713 2778 Photius.
758 2715 863 2798 Neque
881 2716 955 2775 mihi
975 2715 1093 2796 placere
1107 2726 1177 2798 pot·

101 2812 150 2863 est
173 2802 345 2882 interpretis
365 2802 460 2861 nostri
480 2804 574 2862 nimia
593 2803 625 2860 in
645 2801 750 2882 eadem
770 2817 844 2861 voce
865 2799 1084 2873 inconstantia,
1105 2798 1180 2860 dum

102 2885 195 2947 modo
216 2885 349 2957 london,
373 2883 463 2944 modo
483 2885 659 2956 Iuliarum,
682 2882 773 2943 modo
793 2881 986 2944 Ιονὺιὶωιωη
1007 2892 1105 2944 voeat.

188 2967 265 3048 Pag.
278 2968 308 3027 5.
322 2969 363 3026 D.
374 2966 457 3050 [451,
470 2965 535 3049 aa]
554 2965 666 3027 Valens
676 2967 822 3049 surdaque
837 2965 961 3045 militiae
977 2964 1054 3025 dies.
1097 2961 1184 3025 Zosi-

102 3071 173 3112 mus
200 3050 436 3109 Dalmaticarum
465 3051 616 3132 legionum
636 3047 826 3109 Praefectum
846 3069 881 3107 ac
901 3049 1115 3129 Magistrume
1158 3048 1185 3108 i-

102 3145 171 3194 tum
183 3136 327 3207 nominat,
351 3143 381 3193 et
402 3132 442 3192 ab
455 3133 620 3210 Alaricho‚
642 3132 715 3192 dum
736 3131 834 3191 adhuc
855 3133 886 3189 in
907 3129 965 3190 fide
986 3127 1090 3190 Attalo
1133 3141 1183 3192 ata

103 3226 327 3300 perseveraret,
349 3216 389 3276 ob
430 3218 586 3278 reditionis
606 3217 804 3297 suspicionem
826 3212 1016 3273 interfectum
1036 3212 1152 3274 scribit.

190 3300 269 3382 Peg.
284 3299 316 3360 6.
330 3299 369 3360 n.
386 3238 470 3383 [alba
492 3299 538 3381 8.]
559 3299 725 3360 Eusebium
746 3297 954 3379 Praepositum
975 3286 1104 3378 paliano
1126 3290 1199 3357 rod*

105 3382 267 3459 κοιτῶνος,
288 3382 346 3444 boc
365 3394 424 3459 est,
453 3383 634 3464 προεστῶτα
662 3383 725 3442 τῶν
747 3377 920 3454 βασιλικῶν
940 3373 1107 3455 usiadem,
1128 3399 1184 3460 ap·

147 3464 200 3524 llat
220 3467 356 3526 Zosimus
376 3466 431 3527 lib.
454 3467 484 3528 5.
509 3488 577 3548 pag.
600 3464 672 3525 821.
696 3465 836 3525 editionis
856 3462 1096 3545 Sylburgianae3
1126 3460 1185 3520 At-

119 3546 262 3607 obirhum
286 3571 359 3609 vero
386 3550 450 3610 sive
471 3545 663 3610 Ellebichum
692 3540 745 3606 τὸν
776 3547 839 3607 τῶν
871 3544 989 3609 ἱππέων
1013 3537 1184 3626 ἡγούμενον

107 3624 165 3691 καὶ
184 3624 261 3706 μετὰ
282 3627 481 3709 Βιγιλάντιον
499 3624 657 3713 ὕπαρχον.
679 3631 753 3690 Eius
773 3648 876 3691 necem
894 3631 998 3711 paucis
1012 3624 1186 3709 perstringit

110 3712 249 3773 Hermiae
271 3712 452 3773 Sozomenus
475 3714 529 3774 lib.
550 3737 582 3798 9.
604 3735 671 3795 cap.
701 3734 760 3785 12„
780 3714 833 3773 nbi
854 3711 1021 3774 Alabichus
1043 3716 1186 3787 corrupta

106 3815 184 3856 voce
204 3795 324 3855 dicinir.
367 3794 454 3860 Alius
473 3816 545 3858 vero
574 3798 613 3857 ab
642 3815 678 3856 eo
698 3796 911 3856 existimandus
931 3801 976 3852 est
1002 3789 1184 3869 Edobeeus,

109 3879 174 3940 sive
187 3877 374 3954 Edobincus,
389 3879 577 3940 Constantini
596 3882 718 3962 tyranni
738 3879 875 3959 partibus
889 3873 1042 3946 addictus,
1065 3871 1103 3930 de
1122 3890 1184 3951 quo

109 3961 199 4046 plura
225 3960 305 4020 idem
338 3961 475 4021 Hermias
494 3964 577 4022 citati
605 3961 660 4021 lib.
682 3981 771 4042 capp.
797 3961 844 4020 13.
868 3965 898 4017 et
924 3951 971 4033 14.
994 3963 1024 4015 et
1050 3954 1185 4015 Renatus

110 4045 293 4108 Probaturus
314 4044 508 4125 Frigeridus,
538 4047 624 4104 cuius
643 4065 706 4103 non
726 4041 858 4124 ignobile
877 4037 1077 4118 fragmentum
1098 4037 1129 4095 in
1147 4036 1186 4097 li·

108 4129 199 4190 brum
220 4148 253 4188 a.
295 4125 447 4189 Historiae
471 4127 635 4188 Francicus
654 4126 782 4187 coniecit
807 4121 969 4205 Gregorius
989 4117 1271 4196 Turonensis.P.9³
