2909 4717
302 232 388 320 556
446 263 488 325 a.
514 258 669 325 vanarn
697 257 836 325 noras
864 260 906 364 ru
935 258 1128 323 arenam.
1149 241 1203 321 nr
1235 259 1392 325 mear.

300 427 345 478 ert
364 413 456 497 panio
475 426 545 478 anta
564 414 680 477 Tiberii
700 425 849 493 mortem,
866 424 902 478 ut
922 435 942 476 a
961 412 1130 476 Menandro
1145 414 1294 497 scriptum
1319 436 1391 477 esee

299 509 425 560 testatur
442 497 686 642 Theophplactus
708 502 741 560 in
757 496 811 558 lib.
836 519 862 558 ι.
887 518 955 579 cap.
976 497 1006 557 3.

225 647 228 654 Α
382 580 459 663 Peg.
485 601 517 679 ¹7
543 625 551 640 .
595 579 708 666 .[425,
721 579 767 663 9.]
787 571 823 651 ἃς
838 572 1052 660 προσειώρησε
1078 576 1116 661 τῇ
1138 574 1306 655 Ῥωμαίων
1326 601 1387 640 uo-

300 663 411 746 λιτείᾳ.
449 663 553 725 serbe
572 654 606 735 ὃς
629 657 862 743 προσεχώρησε.
901 662 931 722 ls
951 660 1116 722 Bocoiabra
1134 661 1313 738 dicebatur,
1331 665 1385 744 qui

300 766 370 805 cum
390 766 452 807 una
470 767 488 807 e
503 746 635 827 Chagani
656 744 811 826 pellicibus
829 764 1020 827 congressus,
1035 745 1204 825 timensque
1219 766 1260 805 ue
1274 766 1383 827 graves

298 849 411 909 poenas
431 828 545 906 lueret,
566 826 604 888 ad
616 828 733 888 Turcos
755 826 915 909 confligere
936 837 1091 887 statuerat.
1134 826 1193 887 Sed
1216 828 1249 887 in
1273 830 1382 889 itinere

299 920 434 991 captura
454 912 590 974 Romano
610 909 956 986 duce‚adMau1icium
978 908 1193 991 imperatorem
1221 912 1380 972 bansmm

300 1013 351 1054 sus
367 1004 430 1068 est,
456 1004 492 1056 nt
513 993 605 1055 refert
622 991 750 1074 Theoph
772 992 866 1052 iactus
883 994 916 1052 in
927 1012 992 1073 cap.
1010 991 1042 1055 8.
1058 990 1129 1053 libri
1148 995 1247 1073 primi.

382 1075 464 1136 Haec
483 1087 572 1151 sunt,
589 1095 667 1157 quae
688 1075 727 1135 ad
780 1073 905 1135 euandri
923 1073 1081 1136 historiam
1105 1073 1177 1135 olim
1206 1076 1238 1136 in
1262 1075 1378 1137 schedis

300 1169 535 1237 annumerem,
560 1159 712 1239 scriptoris
739 1158 855 1232 eximii,
887 1158 971 1218 cuius
1001 1155 1131 1238 ‘elogium
1171 1157 1267 1218 habes
1298 1159 1378 1239 apud

299 1239 561 1322 Theophylactum
593 1239 625 1300 in
647 1237 701 1299 lib.
730 1261 758 1301 r.
787 1261 855 1321 cap.
882 1240 924 1316 3.,
948 1242 1002 1322 qui
1021 1243 1111 1302 ctiam
1135 1241 1199 1301 eius
1221 1241 1377 1302 historiam

299 1325 494 1387 continuavit.
533 1323 611 1384 Sunt
628 1332 658 1382 et
677 1320 736 1384 alfa
756 1321 915 1383 Menandri
935 1322 1100 1405 fragmenta
1118 1321 1274 1384 lucutenta
1298 1323 1375 1405 apud

300 1404 424 1466 §uidam
446 1408 477 1468 in
490 1427 523 1466 v.
539 1402 742 1484 Μένανδρος,
763 1404 845 1485 quod
863 1403 1065 1486 fragmentum
1079 1406 1262 1487 descriptum
1282 1417 1325 1465 est
1342 1428 1375 1466 ex

298 1486 459 1548 Prooemio
478 1488 672 1549 historiarum
697 1485 880 1563 Menandri,
898 1489 930 1547 iu
950 1509 1011 1569 quo
1029 1490 1068 1549 de
1085 1509 1141 1548 suo
1162 1510 1274 1570 genere
1291 1510 1375 1569 prae·

298 1568 379 1632 fatus
399 1571 515 1649 hierat,
564 1569 669 1630 roinde
689 1579 725 1628 ut
744 1568 907 1651 Agathino,
933 1573 1018 1631 cuius
1041 1570 1197 1631 historiam
1217 1572 1374 1633 continna-
1441 1621 1442 1642 1

299 1651 363 1713 bat.
406 1653 506 1714 Est'et
558 1652 610 1714 iud
630 1651 828 1734 fragmentum
847 1650 927 1712 illius
946 1653 1025 1795 apud
1044 1652 1167 1713 suidam
1188 1656 1274 1715 inv.
1301 1652 1374 1712 ‹ine-
1441 1651 1442 1670 ¹

298 1729 478 1875 pompeam,
499 1747 530 1879 ht
546 1739 577 1796 in
598 1755 630 1793 v.
647 1727 834 1876 doatptrliplpg,
855 1744 885 1795 et
908 1755 941 1877 reita
972 1728 1227 1878 pdpgifhetin
1245 1734 1375 1879 mfie'tpp-

299 1836 481 1980 “gimpa
500 1830 899 1976 ltzmtyignpffitpzplxwgggite
916 1838 1056 1961 laudibus
1078 1839 1223 1960 Manliidii
1235 1840 1376 1977 Magistri

300 1980 431 2042 miiitum
449 1983 592 2044 Orientis.
637 1984 714 2043 Item
735 1982 767 2042 in
791 2001 864 2042 voce
886 1981 1100 2052 σπαλίωνεςεῒ
1115 1982 1146 2042 in
1173 1983 1373 2063 Τανχοσδρῶ.

301 2061 350 2122 Ne
369 2068 436 2145 quis
455 2076 556 2126 autem
574 2069 712 2142 miretur,
733 2063 806 2125 haec
828 2063 993 2146 fragmenta
1018 2063 1093 2128 adeo
1110 2064 1237 2126 confrrsa
1254 2088 1290 2127 ac
1307 2087 1376 2148 pen-

299 2144 421 2208 turbata
442 2146 481 2206 ad
501 2168 555 2207 nos
575 2149 765 2228 pervenisse,
784 2148 954 2208 meminisse
968 2148 1058 2209 debet
1077 2147 1196 2220 Lector,
1221 2148 1301 2210 banc
1314 2148 1374 2209 edi·

300 2227 414 2287 tionem
434 2247 470 2287 ex
492 2228 609 2290 duobus
639 2229 726 2289 MSS.
759 2228 910 2291 codicibus
927 2251 946 2290 a
970 2230 1089 2290 Davide
1112 2229 1292 2292 Hoeschelio
1314 2252 1373 2292 esse
1441 2265 1442 2280 κ

300 2311 529 2389 concinnatam,
549 2312 639 2374 Boico
659 2309 772 2373 scilicet
797 2322 827 2372 et
839 2312 980 2373 Andreae
994 2312 1127 2389 Schotti,
1150 2335 1282 2395 quorum
1298 2312 1371 2373 alter

301 2389 396 2452 altero
423 2393 566 2476 integrior
594 2394 674 2474 fuit,
703 2404 738 2453 ut
765 2396 797 2454 in
827 2395 1009 2475 praefatione
1028 2396 1146 2455 monuit
1168 2385 1384 2456 HooechetiusJ

300 2473 388 2535 Duae
409 2476 535 2557 proinde
551 2476 661 2538 horum
678 2476 897 2619 Excerptorum
909 2476 1103 2539 hollectiones
1127 2477 1272 2556 fuerunt,
1292 2479 1370 2561 qood

301 2576 394 2638 supra
411 2561 442 2619 in
455 2561 535 2621 notis
554 2560 722 2621 observavi.
796 2571 867 2641 tque
881 2560 954 2620 huic
971 2564 1055 2644 operi
1073 2561 1154 2622 idem
1166 2560 1290 2622 videtur
1303 2583 1371 2621 oon-

302 2640 415 2722 tigisse,
450 2643 532 2724 quod
560 2641 762 2704 Bibliothecae
786 2642 909 2718 Photii,
937 2647 987 2704 cui
1010 2644 1104 2705 altera
1130 2644 1266 2706 eiusdem
1288 2665 1371 2725 argu·

303 2725 396 2786 menti
421 2725 536 2786 adiecta
556 2736 616 2804 est,
634 2737 668 2786 ot
693 2735 776 2806 patet
804 2747 838 2785 ex
860 2727 966 2788 iisdem
988 2727 1185 2811 auctoribus,
1203 2713 1261 2811 qui
1277 2726 1322 2789 bn
1340 2728 1371 2787 in

302 2806 353 2870 illa
367 2806 552 2876 Bibliotheca
565 2808 704 2894 descripti
725 2809 927 2892 reperiuntur.
