2909 4717
265 229 352 346 ³78
708 264 918 330 urceum

123 422 154 475 A.
166 422 195 473 C.
205 417 320 480 565καί
331 411 410 500 πρὸς
424 412 501 494 roric
520 412 702 501 βαρβάρους
720 415 897 502 ἠπιώτατος
903 470 914 500 ,
935 417 953 483 δ
974 419 1010 484 δὲ
1023 419 1079 484 νδν
1093 418 1263 501 Ῥωμαίων
1285 423 1355 487 εὗ-

131 493 421 619 ιιιῙέἷξὶὴῆδτονιριέτωρ
442 513 521 602 πρὸς
540 513 658 591 πάντας
674 510 756 581 εἶναι
769 514 919 601 βούλεται
934 515 1160 604 φοβερώτατος.
1190 519 1228 585 οδ
1240 520 1356 606 χρεων

229 606 444 689 norinatim
463 612 538 690 τούς
557 611 760 700 Σαρανηνοδς
780 613 1008 703 ὀνειροπολεῖν·
1039 610 1077 680 οὗ
1104 616 1164 701 γάρ
1184 645 1217 682 τι
1240 622 1354 683 τοιοῦ-

260 736 315 779 τον
342 710 360 775 ὅ
392 715 465 777 καθ’
496 711 581 796 ἡμᾶς
604 710 756 796 βασιλεδς
786 715 887 780 ἐλοιτο
919 722 1032 781 ποιεῖν.
1072 713 1183 781 remia
1211 718 1246 782 δὲ
1268 716 1353 798 ὑμῖν

259 808 425 896 γενήσεται
449 808 484 876 τὸ
512 807 571 894 τήν
603 808 728 899 εἰρήνην
756 812 856 880 αὐτὸν
875 814 997 879 ἐθέλειν
1017 808 1202 902 ἐρρῶσθαι,
1223 814 1282 879 καὶ
1297 814 1373 900 μή5

262 906 391 976 οἴεσθαί
404 932 440 993 γε
461 902 561 975 αὐτὸν
573 908 701 977 ἔλαττον
720 909 805 997 ἔχειν
830 912 1013 994 Ῥωμαίους
1031 916 1066 978 ἐν
1083 921 1154 988 ταῖς
1176 907 1238 997 ήδη
1258 936 1351 996 γεγε-

261 1009 410 1092 νημέναις
434 1010 601 1085 σπονδαῖς.
641 1007 743 1099 ταύτῃ
771 1009 832 1095 γοὶρ
860 1005 1002 1091 ἐνέξεται
1031 1009 1076 1096 μή
1106 1006 1188 1075 ὅπλα
1218 1015 1352 1076 errem?

262 1100 356 1183 οὗτος
369 1108 429 1190 μὲν
440 1098 498 1172 οὖν
512 1103 612 1185 οὕτως
633 1104 728 1188 ἔλεξε.
770 1113 826 1174 καί
843 1112 917 1196 περὶ
934 1113 995 1192 μὲν
1013 1113 1077 1176 τοῖν
1095 1113 1288 1196 Σαρανηυοῖν
1305 1108 1353 1174 τὰ

260 1204 371 1271 λοιπὸν
391 1200 525 1288 οδδιμῖα
545 1230 593 1291 τις
612 1209 743 1295 ἐφέρετο
770 1207 898 1293 μνήμη,
929 1210 1124 1294 ἐπιτηρήσας
1150 1211 1186 1273 δὲ
1219 1212 1263 1296 τῷ
1290 1210 1349 1272 δσ-

261 1314 326 1369 ιιεῑν
346 1305 403 1370 ου’κ
423 1305 568 1391 ἐργωδῶς
589 1305 677 1394 ἅμφί
695 1310 850 1384 Σουανῖας
873 1307 1036 1396 ἐπέρριψε
1057 1305 1185 1391 λόγους,
1208 1304 1252 1383 ὥς
1272 1308 1391 1377 δέοντο

260 1400 322 1467 riuti
348 1402 532 1486 Ῥωμαιοις
562 1399 660 1490 αὗτήν
677 1404 906 1489 ιιαθεστᾰναι,
924 1405 959 1472 εἴ
976 1430 1010 1489 γε
1030 1409 1087 1471 καί
1106 1407 1253 1489 Λαζικής
1272 1406 1348 1469 ἐπε-

167 1512 250 1567 Ρ.ι5ι
260 1499 391 1585 λάβοιτο
420 1499 620 1584 ἐννομώτατα
657 1503 758 1571 αὐτοί.
801 1503 818 1573 ὃ
849 1508 885 1571 δὲ
914 1507 1053 1590 Περσῶν
1084 1502 1236 1587 βασιλεύς
1269 1501 1349 1579 τούς

259 1603 336 1688 nepa*
361 1604 517 1680 Σουανίας
543 1607 603 1686 μὲν
631 1602 745 1690 λόγους
771 1602 858 1683 ἔδοξε
879 1606 1138 1690 παραδέχεσθαι,
1170 1604 1287 1687 χρήναι
1308 1604 1348 1668 δέ

258 1701 357 1768 αὐτὸν
379 1699 441 1788 ἔφη
461 1701 536 1788 περὶ
553 1701 671 1790 ταύτης
691 1699 767 1791 ζδμα
796 1712 862 1782 τοῖς
882 1707 917 1770 ἐν
937 1706 1020 1768 τέλει
1039 1705 1101 1769 τῶν
1121 1701 1249 1787 Μήδων
1267 1706 1347 1785 βου-

255 1799 443 1869 λεύσασθαι,
474 1799 552 1885 μετὰ
574 1805 673 1869 ταῦτα
695 1800 712 1867 δ
731 1802 876 1890 Ἰωάννης
895 1803 1005 1887 λόγους
1023 1798 1202 1890 προσήγαγε
1219 1802 1264 1891 τῷ
1279 1800 1388 1884 Ζῖχιᾶ

254 1907 299 1991 τιή
324 1905 378 1967 καί
400 1899 659 1990 Ἰεσδεγουσνίιφ,
682 1902 740 1968 κατ’
766 1905 826 1985 μὲν
858 1896 916 1967 oria
944 1898 1060 1988 ἑτέροις
1087 1903 1155 1966 τισὶ
1171 1902 1235 1965 τῶν
1255 1899 1345 1986 παρὰ

258 2002 404 2086 Πέρσαις
424 2001 594 2086 ήγεμόνων.
613 1999 644 2066 οἱ
666 2004 702 2067 rr
726 1998 843 2084 ἔλεξαν,
866 2000 910 2078 aie
929 1997 1119 2082 ἐτοιμότατα
1138 1996 1242 2082 ἔχοιεν
1261 2003 1345 2064 Σου-

259 2099 348 2175 ανιὐις
370 2104 603 2186 παραχωρῆσαι
618 2096 811 2182 Ῥωμαίοις,
841 2096 926 2166 οὕτω
944 2102 1054 2182 μέντοι
1073 2100 1126 2184 ἐφ’
1145 2090 1172 2189 ᾧ
1189 2094 1344 2184 χρήματα

258 2195 421 2283 λήψεσθαι
450 2197 507 2262 καὶ
533 2189 625 2264 ὄνων
653 2202 774 2264 θέσθαι
804 2196 860 2283 τήν
888 2193 1082 2282 ἀπαλλαγήν.
1124 2199 1181 2263 καὶ
1206 2193 1287 2283 πρός
1307 2218 1345 2279 γε

162 2296 419 2381 Ἶσοασυνθήκας
449 2289 547 2373 ἄλλας
575 2296 663 2374 τινὰς
691 2300 756 2364 δεῖν
787 2296 927 2387 ἔφασκον
954 2302 1123 2384 γενέσθαι,
1154 2296 1292 2383 αἰσχροῖς
1307 2320 1385 2372 τεςο

258 2400 314 2464 καί
332 2399 462 2474 α’ναξίοις
479 2401 536 2481 τῆς
551 2393 725 2480 Ῥωμαίων
746 2394 870 2486 ἆρχής,
901 2400 958 2463 καί
979 2398 1173 2483 βεβαιοὺσας
1193 2396 1345 2479 οὐδαμοῖς

234 2495 321 2583 Βτήν
346 2499 421 2584 περί
450 2499 606 2580 βασιλέως
637 2491 807 2565 Ἰουστῖνον
835 2498 1039 2584 κρατήσασαν
1068 2495 1181 2581 δόξαν,
1211 2492 1255 2573 ὥς
1276 2498 1343 2561 ἐστι

257 2596 347 2683 μάλα
366 2593 522 2685 ἐμβριθής
541 2621 576 2662 τε
604 2600 661 2664 καὶ
678 2600 957 2685 νατηνριβωμένος.
995 2595 1140 2683 Ἰωάννης
1160 2599 1196 2663 δὲ
1215 2593 1256 2662 rei
1276 2618 1343 2664 τοι-

328 2721 352 2790 ή.
372 2717 443 2791 ήμῖν
453 2719 525 2791 vulg.
586 2736 613 2789 ρ.
630 2705 662 2771 ro*
684 2720 755 2773 coni.
774 2717 806 2772 N.

257 2845 314 2902 que
330 2847 387 2882 nou
407 2833 518 2899 oportet
533 2827 682 2882 Saracenos
698 2829 768 2882 baec
781 2826 836 2881 sibi
852 2826 958 2880 somnia
976 2825 1085 2897 fingere.
1107 2822 1256 2897 Nunquam
1268 2825 1343 2879 euim

255 2901 408 2970 Imperator
425 2902 494 2955 haec
511 2897 604 2952 facere
626 2899 783 2953 sustinebit.
817 2898 905 2949 Vobis
931 2905 1024 2950 autem
1049 2895 1200 2967 optandum
1225 2905 1285 2958 est,
1310 2903 1342 2948 ut

257 2988 355 3041 pacem
372 2986 479 3027 serrare
496 2972 527 3023 iu
545 2970 665 3022 animum
685 2988 765 3021 suum
783 2966 905 3030 inducat,
932 2984 1024 3038 neque
1040 2969 1178 3020 existimet
1199 2967 1341 3020 foederum

258 3044 455 3095 conventiones
465 3041 495 3094 in
511 3042 646 3112 aliquare
663 3042 844 3093 Romanorum
858 3041 1026 3090 maiestatem
1043 3036 1153 3091 laedere
1170 3041 1340 3090 etminuere·

258 3109 289 3162 Si
308 3110 381 3162 enirn
400 3112 429 3163 id
448 3112 632 3177 existimaret,
648 3111 682 3164 ab
700 3113 782 3163 armis
800 3107 950 3163 inferendis
966 3124 1022 3159 uon
1041 3108 1217 3162 abstineret”
1251 3109 1341 3179 Atque

255 3179 304 3233 hic
320 3180 355 3231 ad
374 3180 448 3234 hunc
467 3182 579 3234 modum
607 3188 649 3234 est
677 3181 802 3245 locutus,
827 3196 919 3250 neque
942 3176 1070 3248 deinceps
1095 3180 1153 3231 ulla
1178 3177 1281 3231 mentio
1305 3176 1340 3230 (ie
1392 3184 1398 3194 “

255 3250 399 3302 Saracenis
417 3260 459 3304 est
475 3251 567 3306 iacta:
594 3251 644 3305 sed
660 3270 723 3307 mox
741 3250 853 3304 devenit
869 3251 899 3303 in
920 3265 1073 3303 sermonem
1090 3247 1125 3301 de
1145 3249 1262 3303 suauis:
1279 3264 1342 3299 cnm

255 3335 420 3389 magnopere
445 3323 577 3386 cavisset,
601 3338 637 3376 nc
661 3322 691 3375 id
714 3323 750 3377 de
772 3320 907 3374 industria
931 3321 1021 3373 iacere
1042 3318 1197 3385 videretur,
1214 3318 1341 3391 quaudo·
1440 3360 1441 3363 ,

258 3391 371 3460 quidem
390 3391 519 3445 anicao
540 3395 608 3447 timo
636 3394 697 3446 iure
727 3393 785 3445 illis
808 3394 933 3445 restituta
959 3398 1044 3452 essct,
1075 3398 1202 3461 oportere
1229 3403 1341 3460 quoque

257 3461 346 3533 ipsam
363 3461 494 3514 suaniam
533 3480 693 3519 omanorum
711 3463 840 3533 potestati
857 3464 987 3534 permitti.
1010 3460 1092 3512 Virus
1111 3468 1153 3525 cst
1170 3467 1261 3513 autern
1278 3460 1341 3511 Per·

258 3548 350 3586 sarum
366 3549 415 3585 rex
432 3547 570 3586 sermones
591 3533 626 3587 de
644 3534 747 3587 Saenia
768 3534 911 3603 excipere,
937 3541 965 3586 et
985 3532 1040 3585 sibi
1065 3531 1183 3602 amplius
1206 3530 1242 3583 δε
1262 3547 1294 3582 ea
1310 3545 1341 3582 re

258 3619 322 3658 cum
347 3603 435 3671 princi
458 3600 520 3654 ibus
543 3603 688 3657 Medorum
711 3604 921 3657 deliberandum
945 3603 1024 3655 dixit
1076 3603 1134 3653 Nec
1166 3601 1252 3654 multo
1280 3607 1340 3671 poa

256 3675 376 3728 Ioannes
394 3689 425 3725 co
450 3674 563 3758 equium
581 3673 682 3760 habuit
699 3692 761 3728 cum
779 3674 870 3758 Zicbo,
895 3674 945 3794 epti
970 3673 1052 3756 etiam
1069 3670 1270 3759 leodegueuapb
1289 3688 1341 3723 no-

257 3745 432 3807 minabatur,
457 3751 486 3795 ct
502 3745 616 3816 reliquas
636 3744 776 3798 Persarum
793 3760 903 3816 prrmorr
926 3760 965 3796 as.
1002 3743 1048 3795 1111
1065 3743 1178 3812 quidem
1204 3740 1340 3804 dixerunt,

258 3825 368 3886 paratos
385 3832 414 3869 se
433 3830 492 3867 esse
510 3817 637 3868 Romanis
660 3817 757 3870 cedere
776 3816 904 3868 Suaniam
936 3814 987 3866 bac
1021 3812 1197 3875 conditione,
1220 3820 1253 3863 ut
1277 3829 1340 3880 pre-

259 3888 331 3939 tium
350 3889 409 3940 eius
432 3885 586 3955 acciperent
607 3887 712 3940 eteius
733 3889 883 3940 cessionem
906 3884 1073 3947 venderent,
1098 3884 1252 3953 multasque
1273 3883 1340 3933 alias

260 3959 457 4010 conventiones
484 3958 514 4010 iu
539 3959 660 4011 medium
683 3958 875 4029 proponebant
899 3962 992 4025 turpes
1023 3961 1052 4007 et
1076 3953 1200 4022 indignas
1227 3952 1340 4002 Romani

260 4027 371 4095 imperii
389 4029 546 4094 maiestate,
565 4037 594 4082 et
610 4043 681 4100 quae
699 4028 812 4081 minime
831 4025 1037 4088 existimationi,
1054 4041 1136 4096 quam
1155 4024 1275 4076 lustinus
1292 4021 1340 4072 ad·

263 4105 341 4167 optus
363 4105 436 4165 crat,
460 4099 678 4155 consentiebant.
716 4098 813 4157 Gravis
834 4099 909 4152 caim
926 4106 955 4152 ct
972 4095 1038 4151 elati
1055 4097 1140 4149 animi
1163 4099 1218 4159 vir,
1243 4101 1272 4146 et
1292 4107 1340 4165 qur
