2909 4717
493 208 547 272 us
577 208 768 274 ammio.
1099 194 1166 263 ΧΠ

79 369 333 451 assumptum
351 366 523 428 continenti
537 369 711 428 narratione
731 365 835 428 decem
854 380 1016 444 annorum,
1032 366 1084 448 qui
1104 386 1167 428 me-

80 470 115 529 lfi
134 479 229 547 sunt,
261 467 429 528 historiam
451 467 637 547 exposuisse:
668 465 743 546 quin
769 465 869 547 potius
899 463 972 525 illuc
999 464 1170 547 degressum

79 588 132 627 σου
152 576 304 648 apparet,
326 576 363 625 ut
385 564 545 625 referendo
565 564 718 646 quomodo
741 565 870 642 Hieran,
904 563 1024 624 aemulo
1047 567 1099 646 qui
1118 565 1167 626 vel

78 669 169 746 imm
198 666 339 747 nequitia
370 674 525 745 superaret
553 684 608 745 per
639 663 794 745 Augustae
821 664 979 724 avaritiam
1016 664 1166 742 traditus,

77 786 125 845 pro
143 785 223 825 nece
245 764 406 824 Frarittae
422 783 503 823 seras
522 783 654 844 poenas,
677 773 888 822 verumtamen
908 783 1021 842 poenas
1035 761 1164 841 dederit,

77 884 103 921 se
121 862 287 923 solaretur.
326 861 481 937 Accedit,
510 861 592 943 quod
621 860 732 920 deiude
762 861 800 920 de
825 860 989 921 Stilichone
1009 860 1162 944 loquitur,

37 1008 38 1019 ,
78 965 122 1044 qai
144 963 201 1023 diu
223 973 299 1022 aute
328 959 508 1021 Pulcheriae
528 963 687 1043 imperium
709 961 826 1020 occisus
846 971 901 1021 est.

156 1065 266 1143 Quum
286 1059 440 1143 duplicem
456 1060 619 1121 editionem
631 1059 775 1120 historiae
787 1059 913 1120 Photius
925 1061 1060 1140 vidisset,
1084 1062 1164 1123 Con·

37 1154 38 1175 ¹
78 1163 275 1222 antinianae
285 1158 418 1240 eclogae,
429 1170 465 1219 ut
477 1161 630 1241 inscriptio
645 1158 745 1237 docet,
761 1180 777 1219 c
790 1159 921 1219 secunda
932 1172 1067 1243 sumptae
1080 1173 1162 1241 sunt,

77 1261 123 1321 ibi
144 1260 207 1320 loci
227 1258 378 1340 plurimi,
400 1261 432 1317 in
453 1259 563 1341 quibus
584 1261 712 1340 scriptor
731 1257 840 1318 rabido
861 1258 1003 1321 adversus
1019 1260 1162 1321 Christia-⁴

76 1380 127 1419 sos
147 1359 220 1419 odio
242 1355 390 1418 effrmate
409 1357 585 1430 indulserat,
609 1358 650 1417 ita
669 1357 756 1417 recisi
777 1367 892 1435 essent,
913 1368 958 1432 ut,
982 1358 1121 1419 Photio'
1113 1381 1161 1419 ru-

77 1457 162 1534 dire,
183 1457 306 1517 hiantes
325 1455 453 1516 lacunae
467 1467 664 1536 apparerent,
700 1466 731 1515 et
751 1458 904 1552 sequentia
925 1456 1057 1539 plurima
1077 1457 1162 1517 labo-

78 1567 176 1616 ment
195 1555 395 1616 obscuritate.
441 1555 535 1615 Cuius
555 1558 621 1615 vitii
642 1554 764 1636 culpam
785 1555 942 1615 Photius
934 1578 965 1614 1n
987 1556 1163 1636 Euuapium

76 1657 171 1735 mmm
185 1655 324 1716 consen:
346 1654 559 1717 coniecturane
573 1653 681 1713 ductus
692 1674 733 1711 an
744 1653 930 1725 testimonio,
954 1673 1016 1710 uon
1034 1665 1161 1717 constat.

75 1754 256 1837 scriptorem
277 1753 452 1813 mutilatum
472 1774 549 1834 opus
570 1753 611 1812 ita
631 1749 787 1832 reliquisse
807 1761 843 1809 ut
864 1752 896 1811 in
915 1748 964 1809 his
996 1771 1073 1831 quiae
1097 1773 1160 1812 ma-

76 1853 179 1915 dunt
199 1874 309 1914 sensus
329 1850 497 1929 laboraret,
518 1872 590 1911 saue
605 1870 666 1910 non
680 1846 838 1931 probabile
849 1860 905 1909 est.
947 1846 992 1908 Ac
1005 1849 1068 1908 lieri
1082 1861 1162 1912 certe

78 1964 195 2034 potest,
219 1963 257 2011 ut
279 1973 342 2011 non
362 1952 426 2031 ipse
445 1951 593 2032 scriptor,
614 1949 667 2010 sed
689 1948 877 2030 bibliopola,
900 1947 1014 2007 indocti
1035 1969 1161 2008 amanus

56 2054 149 2112 <ursis
171 2066 294 2134 qam,
324 2047 417 2109 libros
443 2048 483 2107 ab
512 2049 549 2108 iis
579 2048 651 2107 locis
679 2050 733 2129 qui
765 2045 965 2108 vendentibus
991 2046 1160 2127 periculum

78 2161 212 2211 meent
239 2148 371 2208 liberare
400 2147 535 2206 animum
556 2147 729 2207 induxerit:
764 2144 865 2228 qualia
886 2156 956 2206 sunt
977 2156 1157 2228 expurgata,

79 2270 150 2329 qaae
168 2258 299 2321 vocant,
323 2244 519 2327 exemplaria,
544 2268 621 2327 quae
642 2250 674 2305 in
695 2245 867 2327 regionibus
886 2244 940 2303 ubi
953 2243 1071 2304 decreta
1085 2265 1158 2304 cou-

80 2349 136 2409 tilii
162 2347 335 2408 Tridentini
357 2357 477 2427 recepta
498 2346 622 2407 fuerunt
648 2368 710 2405 non
731 2365 801 2405 raro
823 2338 1011 2404 occurrunt!

145 2449 280 2528 Eunapii
293 2448 370 2523 vita,
385 2445 425 2505 ab
437 2445 533 2504 Hadr.
548 2447 636 2506 lunio
655 2442 837 2526 conscripta,
855 2446 888 2501 in
902 2442 1032 2502 editione
1047 2442 1087 2502 cl.
1100 2443 1160 2503 130-

79 2546 201 2607 issunadi
221 2546 345 2626 legitur.
376 2545 521 2604 Insanum
540 2544 671 2605 hominis
692 2547 723 2604 iu
746 2565 810 2604 rem
824 2542 1026 2602 Christianam
1042 2539 1159 2619 odium,

77 2649 156 2707 cuias
179 2648 211 2706 in
227 2645 371 2725 hisquae
386 2641 541 2724 illitiaius
561 2644 655 2704 edidit
668 2646 807 2724 iniquum
819 2641 858 2701 de
871 2637 1159 2723 magnoTheodosio

77 2745 217 2805 indiciam
239 2756 357 2803 novum
378 2741 498 2802 exhibet
521 2744 689 2824 specimen,
720 2741 911 2822 deliransque
933 2738 1104 2820 superstitio
1128 2725 1176 2798 ῐιιΙ

77 2846 197 2905 maiis
218 2840 372 2924 religionis
398 2863 491 2921 quam
521 2852 618 2901 sectae
636 2845 684 2901 cui
709 2841 847 2901 addictus
867 2849 933 2899 erat
953 2837 1082 2898 asseclae
1101 2837 1158 2897 sibi

77 2944 246 3013 finxeram,
283 2942 441 3001 notissima
461 2951 556 3001 sunt:
581 2952 688 3001 notum
708 2942 798 3000 etiam
818 2938 957 2999 dictionis
978 2957 1071 3019 genus
1091 2956 1159 2996 mu-

77 3041 183 3103 lcatum
197 3052 228 3101 et
243 3038 441 3111 salebrosum,
465 3039 576 3123 dequo
589 3043 680 3101 nimis
700 3039 861 3100 clementer
881 3037 994 3099 iudicat
1014 3034 1158 3113 Photius,

78 3163 163 3224 quem
186 3141 226 3200 de
242 3140 375 3220 Eunapii
396 3139 522 3200 historia
542 3139 736 3200 disserentem
758 3142 817 3199 iam
830 3137 986 3199 audiamus
1000 3134 1078 3216 (cod.
1094 3136 1158 3217 77).

151 3234 359 3319 Ἀνεγντόσθη
388 3228 549 3300 Εὔνοστίου
579 3237 728 3320 χρονικῆς
759 3233 900 3318 ἱστορίας
920 3232 976 3316 τῆς
995 3227 1078 3312 μετὰ
1098 3230 1161 3295 Δί·Ι

77 3344 199 3417 ἔικτον,
223 3337 297 3408 νὲας
318 3328 481 3414 ἐκδόσεως,
503 3336 538 3399 ἐν
557 3337 691 3417 βιβλίοις
711 3333 1005 3419 τεσσαρεσκαίδεκα
1026 3348 1161 3413 αρχεταο

76 3441 131 3523 μὲν
151 3436 209 3517 τῆς
229 3431 373 3517 ἱστορίας
394 3432 457 3495 α’πδ
478 3438 535 3517 τῆς
555 3432 723 3498 Κλαυδίου
744 3434 928 3514 βασιλείας,
949 3424 1018 3504 ίς“
1002 3452 1036 3493 ον
1044 3429 1162 3505 Δτςιττ

79 3560 121 3626 up
141 3535 162 3618 ἦ
184 3529 310 3616 ἱστορία
327 3527 517 3613 καταλήγει,
534 3531 726 3620 ἀποτελευτᾷ
750 3533 785 3596 δὲ
807 3533 852 3606 τίς
872 3527 930 3613 τὴν
945 3526 1093 3612 Ὁνωρίου
1107 3520 1162 3589 καί

75 3634 243 3721 Ἀρκαδίαν
263 3633 325 3694 ταῖν
344 3630 517 3694 Θεοδοσίου
537 3632 661 3697 παίδων
680 3630 861 3713 βασιλειαν,
880 3630 996 3693 ἐκεῖνον
1014 3622 1066 3690 τὸν
1083 3618 1161 3739 xpi:
1181 3692 1189 3705 ,

81 3757 128 3798 νον
146 3734 235 3806 τέλος
252 3730 309 3813 τῆς
331 3725 472 3811 ἱστορίαις
493 3728 726 3815 ποιησάμενος,
756 3752 792 3792 ον
819 3721 988 3813 Ἀρσάκιος
1015 3725 1074 3806 μὲν
1102 3712 1161 3783 τοί

80 3832 197 3917 χρυσοῦ
215 3834 271 3914 τῆς
283 3826 451 3909 ἐκκλησίας
470 3826 623 3911 πόματος
638 3825 791 3895 Ἰωάννου
813 3827 1023 3898 ἀπολυθέντος
1042 3821 1087 3894 εἷς
1106 3813 1161 3881 1⁰¹⁴

84 3927 295 4016 τ’ρμερατικδν
314 3920 477 4011 θρόνον’
457 3929 626 4011 ανηγμὲνος
645 3924 824 4046 ἶεράτευεν,
844 3951 864 4010 η
853 3924 922 3990 *δὲ
941 3946 995 3987 του
983 3917 1161 4000 βασιλεύ-ι

84 4052 160 4106 στος
185 4028 356 4117 Ἀρκαδίαν
379 4021 459 4108 γυνή
479 4024 558 4091 κατὰ
587 4027 718 4111 γαστρὸς
745 4023 865 4111 ἔχουσα
887 4047 939 4086 και
935 4016 1159 4099 οἷμβλώοοσα

82 4154 127 4196 m
151 4136 217 4215 pm
245 4129 415 4200 angiam
460 4118 552 4203 ουτος
581 4122 778 4201 ὅΕὕνᾰττιος
798 4116 976 4207 Σαρδιανὸς
994 4119 1053 4202 μὲν
1072 4116 1159 4199 γένος
