2909 4717
283 172 408 235 ΧΧῊΙΙ
702 166 759 229 BE
791 165 948 232 Prisco.

368 323 507 401 rausum,
525 319 609 383 unae
625 302 805 397 narseus,
821 348 912 408 quem
933 328 985 390 aur
1010 329 1109 389 muas
1127 322 1252 389 annito
1264 320 1404 384 Tura-

287 446 354 486 cem
375 423 526 502 vocant³⁸l
538 467 548 499 ,
562 423 670 485 Panita
693 422 822 499 dicitur,
845 427 989 509 oppidum
1015 437 1079 489 erat
1093 426 1257 506 Europae,
1279 424 1403 483 unius

289 545 308 584 e
326 545 375 584 sex
396 523 557 606 provinciis
573 521 740 584 dioeceseos
753 523 916 602 Thraciae,
938 549 1016 611 qnae
1032 527 1252 587 Chersonesum
1277 524 1407 583 conti-

289 622 392 696 nebat,
410 634 499 704 atque
517 623 548 682 iu
567 621 760 703 Propontidis
783 644 837 684 ora
861 627 940 687 inter
959 625 1150 702 Heracleam,
1171 621 1247 683 olim
1263 622 1405 683 Perin-

291 722 396 795 thum,
416 723 588 804 provinciae
602 722 805 803 metropolim,
820 734 850 784 et
873 724 1073 810 selymbriam
1085 720 1317 784 terminabatur
1324 718 1374 797 ³⁹)
1387 739 1402 778 ε

291 821 431 905 incertis,
453 820 506 880 ubi
534 821 563 880 in
587 819 805 882 mediterranea
833 824 1062 907 porrigebatur,
1086 821 1215 898 linibns3
1237 819 1403 895 Aenum,

293 940 429 1001 quaeque
444 920 483 979 ab
500 919 664 981 illaversus
680 920 867 982 occidentem
883 924 982 985 iacent
997 921 1120 1008 oppida,
1141 919 1180 981 ad
1192 917 1403 999 Rhodopam

294 1021 479 1101 provinciam
511 1021 688 1101 pertinuisse
725 1032 914 1101 compertum
945 1034 1001 1084 est.
1044 1023 1176 1085 Panium
1212 1020 1325 1100 ipsum
1356 1017 1400 1075 in

296 1115 397 1178 littore
405 1117 617 1199 (Propontidis)
631 1140 724 1202 prope
741 1118 918 1180 Heracleam
930 1121 1153 1200 (Perinthum),
1175 1121 1283 1200 itaque
1303 1115 1401 1175 inter

295 1215 380 1276 illam
409 1227 440 1277 et
461 1217 663 1279 Rhaedestum
697 1220 789 1279 situm
820 1219 927 1292 misse,
965 1220 1073 1283 Suidas
1091 1219 1191 1280 *docet
1203 1219 1266 1294 wls
1301 1212 1400 1295 apud

297 1315 491 1398 Geographos
504 1327 641 1395 veteres,
662 1317 819 1401 ipsumque
842 1316 1070 1398 Ptolemaeum,
1098 1320 1163 1379 eius
1193 1316 1398 1378 mentionem

296 1413 408 1475 frustra
429 1416 575 1497 quaesivi.
731 1420 734 1425 '

381 1514 523 1592 Priscus,
545 1526 621 1577 teste
640 1515 779 1598 Suidatt)
795 1561 804 1596 ‚
822 1517 860 1580 de
880 1517 1005 1579 historia
1017 1516 1204 1601 Byzantina,
1225 1513 1393 1595 rebusque

300 1611 413 1674 Attilae
422 1615 460 1691 υ)
477 1608 631 1696 (ἱστορίαν
645 1610 842 1696 Βυζαντικῆν
856 1612 911 1676 soi
920 1609 1064 1696 (rhemi
1085 1608 1245 1696 Ἀπήλαν)
1262 1623 1335 1673 octo
1347 1611 1394 1672 li-

299 1712 372 1774 bros
388 1714 506 1795 scripsit
519 1736 528 1790 ;
549 1735 626 1794 quae
639 1714 733 1775 verba
751 1716 956 1795 quaestionem
969 1724 1129 1775 movemnt
1140 1714 1336 1795 geminumne
1346 1732 1395 1771 an

302 1811 425 1892 simplex
442 1812 531 1872 lirerit
551 1832 645 1892 opus3
667 1814 808 1894 equidem
819 1836 881 1875 non
896 1812 1002 1873 dubito
1017 1833 1113 1872 unum
1127 1811 1228 1872 fuisse.
1259 1810 1390 1871 Verum

302 1914 357 1971 etsi
366 1910 428 1969 duo
444 1909 566 1983 luerint,
575 1910 614 1969 ad
624 1922 787 1992 utrumque
804 1922 884 1973 certe
897 1914 1081 1993 pertinerent
1094 1909 1214 1993 eelogae
1226 1909 1264 1969 de
1275 1907 1390 1989 legati-

304 2009 424 2080 onibus,
438 2027 569 2089 quorum
587 2010 812 2090 inscriptionem
831 2012 970 2070 histor-abe
982 2011 1123 2070 Goths'coe
1134 2012 1263 2069 retinere
1279 2006 1389 2067 debui:

305 2127 396 2167 nemo
418 2109 499 2166 enim
525 2106 677 2168 dubitabit
702 2109 843 2192 eclogarii
870 2109 1003 2170 codicem
1021 2109 1065 2169 ita
1080 2108 1256 2189 inscriptum
1281 2104 1388 2165 fuisse.

307 2206 448 2288 Suspicor
465 2217 587 2285 autem,
609 2217 646 2268 ut
668 2208 874 2291 Procopianae
890 2208 1053 2281 historiae,
1084 2208 1126 2267 its
1141 2205 1233 2267 huius
1250 2203 1389 2287 partibus

308 2305 443 2393 diversos
470 2304 575 2368 titulos
599 2306 689 2369 fiiisse
721 2308 856 2370 inditos:
888 2307 980 2370 aliam
1013 2308 1188 2388 inscriptam
1220 2304 1310 2365 fuisse
1342 2296 1387 2362 sai

309 2399 390 2467 κατὰ
412 2398 588 2485 Ἀττὴλαν,
608 2404 699 2467 aliam
723 2406 755 2468 Γ
753 2403 900 2488 mitaris,
924 2407 1014 2490 idque
1035 2406 1076 2468 ab
1102 2406 1241 2488 imperito
1264 2402 1389 2463 homine
1424 2416 1425 2489 l

310 2505 349 2565 sd
364 2507 539 2567 universum
551 2526 629 2588 opus
641 2505 822 2568 translatum
843 2527 915 2569 esse.
959 2507 1065 2589 aquo
1079 2517 1214 2587 tempore
1234 2490 1389 2564 historiam

311 2605 459 2686 inceperit
482 2605 624 2682 Priscus,
648 2606 781 2689 expediri
808 2626 870 2667 non
897 2617 1012 2689 potesta
1034 2605 1088 2666 sed
1108 2603 1222 2665 nullius
1243 2602 1285 2663 rei
1308 2622 1390 2682 quae

313 2714 385 2763 ante
408 2725 522 2765 annum
538 2702 611 2784 433.
635 2717 716 2788 gesta
731 2709 775 2767 sit
797 2708 911 2768 mentio
937 2726 972 2766 ex
1004 2726 1040 2767 eo
1055 2703 1202 2765 affertur.
1225 2699 1386 2781 *Asparis,

312 2800 504 2885 liliorumque
520 2803 654 2885 caedem,
666 2826 744 2887 quac
758 2827 787 2865 a.
797 2804 869 2889 47¹·
886 2804 996 2866 Leonis
1014 2804 1093 2885 Imp.
1121 2800 1169 2864 15.
1189 2809 1303 2884 patrata
1318 2808 1387 2875 est,

316 2922 334 2962 a
352 2903 455 2964 Prisco
476 2914 631 2963 nauatam
652 2925 738 2983 esse,
753 2904 903 2987 Evagrius
919 2904 1008 2965 docet
1015 2903 1078 2982 ⁴³)=
1100 2902 1182 2962 unde
1202 2898 1385 2981 colligimus,

316 3021 412 3083 quum
431 2999 571 3062 Malchus
591 3023 706 3063 annum
722 3000 796 3086 474.
816 3003 927 3064 Leonis
951 3023 998 3086 ¹7·
1024 3000 1166 3063 historiae
1189 3019 1260 3061 suae
1274 2999 1387 3060 initium

317 3100 433 3179 fecerit,
450 3100 590 3162 Priscum
604 3101 725 3163 adeum
738 3102 913 3164 substitisse
953 3101 1045 3163 Unde
1061 3111 1143 3184 patet
1162 3119 1254 3182 qnam
1265 3097 1386 3161 absurde

317 3198 506 3260 Suidaseum
524 3202 581 3262 sub
603 3201 776 3263 Theodosio
797 3203 915 3263 iuniore
934 3203 1084 3283 scripsisse
1112 3199 1224 3260 tradat.

401 3300 504 3382 Longe
521 3302 652 3382 optimus
664 3305 802 3364 omnium
815 3303 960 3384 sequioris
976 3303 1043 3363 aevi
1060 3299 1288 3373 historicorum
1306 3297 1384 3379 inge-

319 3400 383 3477 nia,
397 3396 467 3471 lide,
492 3402 647 3481 sapientia,
667 3401 744 3462 nulli
759 3400 809 3462 vel
828 3403 1013 3484 optimorum
1034 3409 1205 3482 temporum
1218 3394 1385 3479 posthaben-

320 3500 397 3576 dus3
420 3498 539 3582 elegans
557 3522 678 3583 quoquc
695 3512 726 3562 et
739 3522 878 3576 sermone
889 3502 961 3562 satis
973 3522 1052 3589 puro
1067 3520 1150 3580 usus,
1165 3497 1281 3559 laudem
1302 3505 1382 3577 atqie

320 3598 447 3683 gloriam
470 3620 566 3681 quum
585 3600 665 3684 apud
680 3622 807 3664 coaevos
822 3611 889 3662 turm
912 3602 991 3661 inter
1005 3610 1139 3682 posteros
1152 3599 1257 3659 merito
1271 3594 1382 3677 adeptus

338 3790 385 3862 38)
401 3807 425 3841 v.
448 3788 568 3843 Fabricii
585 3789 654 3843 bibl.
673 3809 709 3868 gr.
728 3790 787 3842 Vll.
805 3808 831 3861 p.
842 3792 901 3862 539.
919 3808 945 3859 y.
1023 3790 1072 3861 39)
1090 3790 1123 3842 cf.
1141 3788 1334 3842 Constantinum
1351 3788 1380 3840 de

391 3861 569 3913 caeremoniis
587 3862 620 3912 11.
640 3864 681 3931 54.
703 3878 728 3931 p.
742 3864 800 3931 795.
821 3861 863 3914 ed.
883 3866 910 3916 n.
929 3869 958 3913 et
974 3859 1105 3915 Ammian.
1124 3860 1378 3925 Marcell-xlviii.

393 3931 440 4001 40)
460 3949 480 3981 s.
501 3947 523 3981 v.
543 3932 667 3984 Πιένιον.
738 3934 785 4014 cip)
803 3949 854 3983 ιν.
873 3935 1011 4003 Πρίσκος.
1065 3931 1111 4002 4ο)
1130 3931 1234 3981 Vitium
1252 3931 1277 3983 in
1292 3928 1378 3983 Suidao

393 4011 422 4051 et
442 4001 575 4054 Endociae
593 4000 673 4053 libris
692 4020 707 4052 κ
729 4021 762 4055 sn
784 4001 918 4058 {litator
939 4018 989 4070 pro
1011 3999 1143 4065 ’Λττὴλαν
1159 3999 1380 4056 iamdiu‘mimt·

392 4086 498 4128 versum
517 4082 545 4128 et
562 4073 660 4143 corrigi
681 4072 783 4128 iussum
802 4080 850 4131 est.
920 4072 967 4145 43)
984 4073 1053 4129 litat
1071 4072 1141 4129 Eecl.
1162 4072 1199 4128 11.
1219 4072 1256 4133 ¹6·
