2909 4717
311 221 393 285 XXX
715 214 771 280 DE
795 209 977 281 meno,

392 358 618 454 uincam,
647 369 931 455 philadelphiensis,
955 370 1293 457 sitientissime
1317 392 1421 457 quae

311 479 344 539 in
365 477 534 539 Palaestina
553 483 617 552 est,
637 484 673 533 ut
686 482 767 532 recte
786 493 805 531 e
823 475 946 533 nomine
964 476 1022 534 viri
1034 474 1167 557 Syriaco,
1184 495 1282 556 Qum
1307 474 1419 557 plura

309 579 353 638 ita
373 583 555 637 vocarentur
575 571 705 655 oppida,
727 570 818 635 infert
836 568 1013 651 Fabricius,
1034 573 1196 655 sophistam
1216 574 1419 635 Constanti-

308 675 411 758 nopoli
442 674 569 758 egit⁴⁶).
611 672 686 733 Eius
708 670 886 750 historiam,
919 692 981 755 quo
1008 672 1146 734 Priscum
1175 675 1412 749 continuavit,

308 775 348 836 ab
368 796 396 835 a.
419 773 515 857 474,
545 772 790 853 decimoseptimo
818 771 928 832 Leonis
948 771 1047 854 Imp,
1082 792 1177 855 usque
1199 771 1236 832 ad
1257 785 1413 834 mortem

307 874 432 956 Nepotis
445 876 507 953 ⁴⁷),
529 875 582 957 qui
602 893 631 932 a.
654 869 724 950 480.
747 871 862 933 cociam
881 872 943 945 est,
964 882 1077 953 septem
1096 891 1246 932 annorum
1267 893 1322 933 res
1345 883 1410 933 to-

305 973 400 1033 tidem
422 973 519 1050 libris,
542 991 618 1054 quos
636 963 840 1046 Βυζαπιακὰ
864 971 1036 1052 inscripsit,
1062 981 1249 1053 persecutam
1258 971 1408 1033 Plautius

305 1070 394 1155 legit:
428 1084 518 1155 atque
538 1074 616 1132 intra
638 1069 698 1131 hoc
718 1070 862 1151 temporis
882 1071 1012 1152 spatium
1028 1070 1147 1153 eclogae
1166 1070 1205 1135 de
1225 1069 1404 1153 legationi-

304 1171 373 1246 bus,
395 1193 528 1256 quasque
551 1192 585 1232 er
603 1168 669 1231 aliis
686 1167 780 1230 titulis
792 1168 898 1230 Suidas
912 1172 1056 1246 semovit,
1069 1169 1401 1252 comprehenduntur:

302 1282 339 1331 nt
358 1283 473 1333 certum
493 1274 533 1332 sit
551 1269 697 1331 litteratas
711 1269 899 1329 Constantini
914 1267 1167 1351 Porphyrogeniti
1181 1290 1289 1351 operas
1307 1269 1398 1331 nibil

231 1434 233 1438 ,
302 1370 430 1453 amplius
455 1371 605 1432 habuisse.
649 1370 754 1430 Monet
773 1378 873 1429 tamen
893 1368 1039 1441 Photius‚
1071 1368 1119 1428 his
1139 1367 1225 1429 libris
1246 1390 1325 1450 opus
1348 1369 1398 1429 ud

301 1471 465 1531 terminum
485 1491 577 1567 quepn
597 1479 702 1530 auctor
722 1466 779 1529 sibi
799 1470 1002 1550 proposuisset
1021 1467 1201 1551 perductum
1221 1489 1284 1528 non
1304 1488 1392 1529 esse:

298 1568 397 1652 ipsum
418 1572 543 1632 innuen
560 1567 646 1651 plura
667 1588 699 1629 se
718 1567 892 1629 additurum
911 1568 936 1629 si
956 1567 1020 1628 vita
1038 1576 1193 1648 suppetet:
1205 1586 1302 1649 quum
1325 1568 1393 1649 igi-

297 1679 350 1729 tur
369 1668 476 1730 Suidas
495 1667 609 1730 Malchi
633 1668 789 1730 historiam
818 1687 914 1750 usque
943 1666 982 1727 ad
1004 1666 1197 1727 Anauasinm
1216 1665 1392 1728 deductam

297 1788 361 1829 osse
381 1769 515 1845 scribat,
543 1788 606 1827 nou
637 1767 862 1846 contradicam,
893 1768 920 1827 si
944 1766 1011 1848 quis
1030 1764 1087 1824 sibi
1105 1765 1285 1846 persuaserit
1305 1764 1390 1826 ulti-

296 1886 348 1927 ma
370 1876 456 1948 parte
475 1874 646 1926 imnmtnm
670 1864 709 1925 ad
726 1865 873 1927 Photium
886 1866 1173 1946 constantinumque
1191 1866 1386 1946 pervenisse3

295 1968 444 2047 integram
473 1965 501 2025 el
529 1965 693 2024 innotuisse
732 1966 786 2045 qui
828 1963 921 2045 paulo
957 1976 1026 2047 post
1059 1964 1257 2024 lastinianum
1295 1965 1382 2047 Imp.

294 2062 411 2125 lexicon
447 2063 486 2123 de
514 2061 708 2143 scriptoribus
742 2064 911 2144 composuit
940 2064 1022 2145 quod
1050 2063 1157 2124 Suidas
1189 2062 1377 2146 compilavit.

293 2160 401 2222 Edidit
419 2172 499 2222 certe
519 2160 657 2222 Malchus
676 2171 797 2222 mortuo
817 2160 939 2221 demum
961 2163 1098 2240 Zenone,
1120 2163 1206 2224 cuius
1225 2164 1378 2245 ignaviam

291 2258 464 2343 probroque
483 2254 641 2321 mansurae
660 2260 956 2321 infamiaetrodiditi
993 2282 1028 2321 ac
1055 2272 1140 2323 tanta
1160 2264 1281 2346 quidem
1302 2283 1378 2324 cum

291 2358 434 2421 libertate
456 2371 491 2421 nt
515 2362 606 2420 etiam
631 2360 688 2421 snb
714 2362 781 2420 miti
806 2360 958 2422 Anastasii
983 2361 1110 2443 imperio
1138 2363 1308 2423 mirandum
1334 2365 1378 2424 sit

290 2460 453 2521 maiestatis
472 2479 601 2543 poenm
619 2461 746 2521 erasisse
765 2462 819 2542 qui
837 2459 910 2520 talia
933 2471 1038 2521 contra
1057 2460 1242 2523 decessorem
1253 2462 1374 2522 Princi-

288 2561 348 2643 pis,
368 2561 544 2644 praesertim
558 2561 613 2643 qui
631 2559 785 2643 hugum
804 2563 930 2621 maritus
950 2560 1069 2635 haeret,
1093 2562 1228 2622 auderet.
1253 2561 1371 2626 Verum

289 2680 352 2720 non
380 2662 504 2721 unicum
533 2660 591 2720 hoc
616 2671 660 2721 est
679 2659 737 2721 sub
766 2659 996 2742 imperatoribus
1024 2660 1196 2743 Byzantinis
1217 2662 1371 2722 mirandae

289 2760 323 2818 in
343 2760 503 2821 scribendo
523 2758 671 2821 libertatis
691 2758 876 2843 exemplum,
906 2760 1031 2821 sortasse
1059 2770 1268 2842 acontemptn
1288 2759 1369 2820 litte-

287 2879 391 2919 rarnm
409 2871 529 2921 omum:
552 2880 623 2920 uam
644 2859 803 2934 Tiberius,
827 2859 915 2921 valde
935 2862 968 2921 in
989 2862 1026 2921 iis
1048 2871 1193 2934 versatus,
1215 2879 1367 2942 quaecun-

287 2979 348 3039 que
382 2959 549 3020 edebaunar
578 2962 664 3021 anxie
695 2960 905 3038 scrutabatur,
935 2959 1155 3044 crudeliterque
1181 2959 1361 3021 vindicabat.

284 3056 380 3139 Magis
402 3061 493 3118 etiam
525 3061 673 3119 miramur
691 3060 865 3142 Enuapinm
897 3080 959 3119 non
990 3070 1088 3120 morte
1113 3080 1223 3141 poenas
1247 3050 1364 3120 dedisse

284 3174 340 3236 pro
360 3157 407 3218 his
435 3180 513 3241 quoe
532 3162 669 3241 quemvis
690 3159 895 3220 Christianum
909 3180 970 3219 uon
989 3161 1090 3219 miuus
1110 3180 1201 3242 quam
1212 3159 1363 3239 Principes

284 3256 444 3322 laederent.
486 3260 641 3320 Malchum
669 3282 732 3320 nou
762 3260 987 3321 maledicentiae
1008 3261 1060 3321 sed
1080 3260 1199 3320 veritati
1218 3258 1362 3320 studuisse

282 3361 445 3419 ceruimus.
467 3358 626 3421 Difficilior
648 3359 687 3420 nd
707 3360 925 3442 expediendum
944 3359 1016 3421 inde
1029 3361 1127 3421 oritur
1139 3362 1272 3442 quaestio
1279 3358 1358 3440 quod

281 3456 421 3519 Melchus
434 3458 589 3520 historiam
612 3481 630 3520 a
646 3460 843 3522 Constantino
864 3461 910 3522 M.
923 3458 1078 3522 inchoasse
1097 3459 1216 3521 aSuida
1228 3458 1357 3521 dicitius

282 3558 315 3616 in
335 3557 418 3640 qnod
438 3570 500 3618 tam
521 3559 667 3621 disertum
687 3562 893 3621 testimonium
914 3562 1042 3643 suspicio
1074 3564 1184 3621 enoris
1208 3582 1244 3621 eo
1263 3542 1379 3623 minus‘

281 3655 362 3716 cadit
382 3657 464 3739 quod
484 3658 613 3721 Photius
640 3680 658 3720 e
688 3661 780 3742 primi
806 3659 876 3720 libri
896 3662 983 3722 initio
1005 3670 1143 3723 constare
1162 3660 1266 3738 docet,
1285 3658 1357 3721 alios

280 3756 414 3818 eiusdem
434 3759 564 3820 auctoris
591 3770 681 3844 atque
704 3763 872 3842 argumenti
901 3763 1104 3843 praecessisse.
1147 3760 1241 3821 Casus
1260 3771 1352 3821 autem

279 3855 399 3917 efficere
428 3878 489 3916 non
526 3860 626 3940 potuit
653 3870 689 3920 ut
713 3882 783 3942 pars
813 3871 962 3943 stipantes
993 3860 1091 3943 operis
1122 3862 1209 3922 initio
1239 3877 1274 3921 ac
1296 3859 1353 3921 fine

276 3958 409 4018 tarincati
434 3958 578 4041 inciperet
604 3959 658 4021 nbi
679 3962 801 4022 Priscus
821 3961 1017 4023 substiterat:
1053 3966 1157 4048 itaqua
1175 3983 1290 4025 necesse
1308 3972 1349 4022 est

294 4128 340 4203 46)
361 4128 457 4184 Suidos
479 4149 500 4185 s.
518 4147 543 4187 r·
559 4127 691 4201 Μάλχος,
762 4131 807 4204 47)
823 4129 936 4186 Photior
953 4132 1012 4188 coil.
1035 4139 1076 4206 pa
