<?xml version="1.0" encoding="UTF-8"?>
<!DOCTYPE html PUBLIC "-//W3C//DTD XHTML 1.0 Transitional//EN"
    "http://www.w3.org/TR/xhtml1/DTD/xhtml1-transitional.dtd">
<html xmlns="http://www.w3.org/1999/xhtml" xml:lang="en" lang="en">
 <head>
  <title>
</title>
<meta http-equiv="Content-Type" content="text/html;charset=utf-8" />
  <meta name='ocr-system' content='tesseract 3.04.00' />
  <meta name='ocr-capabilities' content='ocr_page ocr_carea ocr_par ocr_line ocrx_word'/>
</head>
<body>
  <div class='ocr_page' id='page_1' title='image "./corpusscriptoru29niebgoog/corpusscriptoru29niebgoog_0636.png"; bbox 0 0 2909 4717; ppageno 0'>
   <div class='ocr_carea' id='block_1_1' title="bbox 182 437 278 505">
    <p class='ocr_par' dir='ltr' id='par_1_1' title="bbox 182 437 278 505">
     <span class='ocr_line' id='line_1_1' title="bbox 182 437 278 505; baseline -0.01 1"><span class='ocrx_word' id='word_1_1' title='bbox 182 438 208 491; x_wconf 80' lang='lat' dir='ltr'>P·</span> <span class='ocrx_word' id='word_1_2' title='bbox 230 437 278 505; x_wconf 74' lang='lat'>¹⁰4</span> 
     </span>
    </p>
   </div>
   <div class='ocr_carea' id='block_1_2' title="bbox 293 231 1091 331">
    <p class='ocr_par' dir='ltr' id='par_1_2' title="bbox 293 231 1091 331">
     <span class='ocr_line' id='line_1_2' title="bbox 293 231 1091 331; baseline -0.001 -6"><span class='ocrx_word' id='word_1_3' title='bbox 293 238 375 326; x_wconf 84' lang='lat'>580</span> <span class='ocrx_word' id='word_1_4' title='bbox 579 267 751 331; x_wconf 82' lang='lat' dir='ltr'>rnunrr</span> <span class='ocrx_word' id='word_1_5' title='bbox 779 262 920 328; x_wconf 79' lang='lat' dir='ltr'>mann</span> <span class='ocrx_word' id='word_1_6' title='bbox 954 231 1091 328; x_wconf 78' lang='lat' dir='ltr'>nomn</span> 
     </span>
    </p>
   </div>
   <div class='ocr_carea' id='block_1_3' title="bbox 292 409 1402 1244">
    <p class='ocr_par' dir='ltr' id='par_1_3' title="bbox 292 409 1402 1244">
     <span class='ocr_line' id='line_1_3' title="bbox 378 409 1402 506; baseline -0.012 -22"><span class='ocrx_word' id='word_1_7' title='bbox 378 419 665 506; x_wconf 70' lang='lat' dir='ltr'>Pag.18.tt.[473‚</span> <span class='ocrx_word' id='word_1_8' title='bbox 682 420 747 506; x_wconf 69' lang='lat' dir='ltr'>rin]</span> <span class='ocrx_word' id='word_1_9' title='bbox 760 421 809 481; x_wconf 89' lang='lat' dir='ltr'>De</span> <span class='ocrx_word' id='word_1_10' title='bbox 821 422 901 488; x_wconf 79' lang='lat' dir='ltr'>urbis</span> <span class='ocrx_word' id='word_1_11' title='bbox 916 418 1145 505; x_wconf 66' lang='lat' dir='ltr'>corfiogmtione</span> <span class='ocrx_word' id='word_1_12' title='bbox 1161 427 1294 476; x_wconf 71' lang='lat' dir='ltr'>exorta.</span> <span class='ocrx_word' id='word_1_13' title='bbox 1326 409 1402 471; x_wconf 75' lang='lat' dir='ltr'>Psi-</span> 
     </span>
     <span class='ocr_line' id='line_1_4' title="bbox 292 494 1400 580; baseline -0.013 -12"><span class='ocrx_word' id='word_1_14' title='bbox 292 529 378 568; x_wconf 89' lang='lat' dir='ltr'>mum</span> <span class='ocrx_word' id='word_1_15' title='bbox 410 505 487 567; x_wconf 91' lang='lat' dir='ltr'>illud</span> <span class='ocrx_word' id='word_1_16' title='bbox 519 505 577 566; x_wconf 90' lang='lat' dir='ltr'>sub</span> <span class='ocrx_word' id='word_1_17' title='bbox 612 508 712 566; x_wconf 83' lang='lat' dir='ltr'>Leone</span> <span class='ocrx_word' id='word_1_18' title='bbox 751 507 795 564; x_wconf 90' lang='lat' dir='ltr'>lrn</span> <span class='ocrx_word' id='word_1_19' title='bbox 818 515 937 564; x_wconf 71' lang='lat' dir='ltr'>cratere</span> <span class='ocrx_word' id='word_1_20' title='bbox 966 501 1138 563; x_wconf 82' lang='lat' dir='ltr'>incendium</span> <span class='ocrx_word' id='word_1_21' title='bbox 1172 499 1281 580; x_wconf 81' lang='lat' dir='ltr'>regiae</span> <span class='ocrx_word' id='word_1_22' title='bbox 1302 494 1400 555; x_wconf 77' lang='lat' dir='ltr'>urbis</span> 
     </span>
     <span class='ocr_line' id='line_1_5' title="bbox 293 527 1399 672; baseline -0.012 -21"><span class='ocrx_word' id='word_1_23' title='bbox 293 592 438 651; x_wconf 82' lang='lat' dir='ltr'>fusissime</span> <span class='ocrx_word' id='word_1_24' title='bbox 459 588 601 650; x_wconf 77' lang='lat' dir='ltr'>describit</span> <span class='ocrx_word' id='word_1_25' title='bbox 626 587 777 672; x_wconf 80' lang='lat' dir='ltr'>Euagrius</span> <span class='ocrx_word' id='word_1_26' title='bbox 796 527 854 647; x_wconf 85' lang='lat' dir='ltr'>lib.</span> <span class='ocrx_word' id='word_1_27' title='bbox 872 608 903 646; x_wconf 81' lang='grc' dir='ltr'>ο.</span> <span class='ocrx_word' id='word_1_28' title='bbox 925 605 992 666; x_wconf 84' lang='grc' dir='ltr'><strong><em>οορ.</em></strong></span> <span class='ocrx_word' id='word_1_29' title='bbox 1015 585 1082 645; x_wconf 56' lang='lat' dir='ltr'>rte</span> <span class='ocrx_word' id='word_1_30' title='bbox 1106 581 1141 643; x_wconf 86' lang='grc' dir='ltr'>έν</span> <span class='ocrx_word' id='word_1_31' title='bbox 1164 581 1229 657; x_wconf 79' lang='grc' dir='ltr'><strong><em>μὲν</em></strong></span> <span class='ocrx_word' id='word_1_32' title='bbox 1263 577 1316 663; x_wconf 62' lang='grc' dir='ltr'>τῷ</span> <span class='ocrx_word' id='word_1_33' title='bbox 1339 579 1399 670; x_wconf 48' lang='grc' dir='ltr'>βοῖ</span> 
     </span>
     <span class='ocr_line' id='line_1_6' title="bbox 294 657 1395 755; baseline -0.015 -23"><span class='ocrx_word' id='word_1_34' title='bbox 294 672 368 755; x_wconf 78' lang='grc' dir='ltr'><strong><em>ρείιρ</em></strong></span> <span class='ocrx_word' id='word_1_35' title='bbox 391 669 537 749; x_wconf 76' lang='grc' dir='ltr'><strong><em>κλίματι,</em></strong></span> <span class='ocrx_word' id='word_1_36' title='bbox 562 671 596 732; x_wconf 79' lang='grc' dir='ltr'>ἐν</span> <span class='ocrx_word' id='word_1_37' title='bbox 619 657 644 753; x_wconf 77' lang='grc' dir='ltr'><strong><em>ᾧ</em></strong></span> <span class='ocrx_word' id='word_1_38' title='bbox 665 665 721 729; x_wconf 79' lang='grc' dir='ltr'>καί</span> <span class='ocrx_word' id='word_1_39' title='bbox 738 665 852 752; x_wconf 79' lang='grc' dir='ltr'><strong><em>νεώρια</em></strong></span> <span class='ocrx_word' id='word_1_40' title='bbox 876 665 931 748; x_wconf 76' lang='grc' dir='ltr'>τῆς</span> <span class='ocrx_word' id='word_1_41' title='bbox 954 661 1074 738; x_wconf 83' lang='grc' dir='ltr'><strong><em>πόλεως</em></strong></span> <span class='ocrx_word' id='word_1_42' title='bbox 1094 661 1293 725; x_wconf 74' lang='grc' dir='ltr'><em>καθεστᾶσιν</em></span> <span class='ocrx_word' id='word_1_43' title='bbox 1327 657 1395 718; x_wconf 80' lang='grc' dir='ltr'><strong><em>α’πο</em></strong></span> 
     </span>
     <span class='ocr_line' id='line_1_7' title="bbox 292 741 1398 832; baseline -0.011 -17"><span class='ocrx_word' id='word_1_44' title='bbox 292 755 348 815; x_wconf 84' lang='grc' dir='ltr'><strong><em>τοῦ</em></strong></span> <span class='ocrx_word' id='word_1_45' title='bbox 373 752 565 830; x_wconf 80' lang='grc' dir='ltr'><strong><em>καλουμένου</em></strong></span> <span class='ocrx_word' id='word_1_46' title='bbox 588 746 663 829; x_wconf 80' lang='grc' dir='ltr'><strong><em>βοός</em></strong></span> <span class='ocrx_word' id='word_1_47' title='bbox 687 748 786 832; x_wconf 81' lang='grc' dir='ltr'><strong><em>πόρου</em></strong></span> <span class='ocrx_word' id='word_1_48' title='bbox 811 749 907 831; x_wconf 77' lang='grc' dir='ltr'><strong><em>μέχρι</em></strong></span> <span class='ocrx_word' id='word_1_49' title='bbox 928 746 984 810; x_wconf 75' lang='grc' dir='ltr'><strong><em>τοῦ</em></strong></span> <span class='ocrx_word' id='word_1_50' title='bbox 1004 745 1144 808; x_wconf 73' lang='grc' dir='ltr'><strong><em>παλαιοῦ</em></strong></span> <span class='ocrx_word' id='word_1_51' title='bbox 1162 741 1398 810; x_wconf 62' lang='grc' dir='ltr'><strong><em>Ἀπόλλωνος·</em></strong></span> 
     </span>
     <span class='ocr_line' id='line_1_8' title="bbox 292 821 1393 919; baseline -0.01 -23"><span class='ocrx_word' id='word_1_52' title='bbox 292 836 327 896; x_wconf 85' lang='grc' dir='ltr'>έν</span> <span class='ocrx_word' id='word_1_53' title='bbox 354 836 389 896; x_wconf 76' lang='grc' dir='ltr'>δὲ</span> <span class='ocrx_word' id='word_1_54' title='bbox 411 835 455 919; x_wconf 75' lang='grc' dir='ltr'>τῷ</span> <span class='ocrx_word' id='word_1_55' title='bbox 483 833 574 916; x_wconf 78' lang='grc' dir='ltr'><strong><em>νοτίῳ</em></strong></span> <span class='ocrx_word' id='word_1_56' title='bbox 604 828 667 894; x_wconf 77' lang='lat' dir='ltr'>cinti</span> <span class='ocrx_word' id='word_1_57' title='bbox 697 833 754 894; x_wconf 78' lang='grc' dir='ltr'><strong><em>τοῦ</em></strong></span> <span class='ocrx_word' id='word_1_58' title='bbox 777 831 959 894; x_wconf 80' lang='grc' dir='ltr'><strong><em>Ἰουλιανοῦ</em></strong></span> <span class='ocrx_word' id='word_1_59' title='bbox 992 830 1117 907; x_wconf 78' lang='grc' dir='ltr'><strong><em>λιμένος</em></strong></span> <span class='ocrx_word' id='word_1_60' title='bbox 1148 824 1253 907; x_wconf 81' lang='grc' dir='ltr'><strong><em>μέχρι</em></strong></span> <span class='ocrx_word' id='word_1_61' title='bbox 1277 821 1393 885; x_wconf 69' lang='grc' dir='ltr'><strong><em>οἰκιῶ</em></strong></span> 
     </span>
     <span class='ocr_line' id='line_1_9' title="bbox 294 903 1258 1014; baseline -0.009 -37"><span class='ocrx_word' id='word_1_62' title='bbox 294 916 334 977; x_wconf 78' lang='lat' dir='ltr'>osi</span> <span class='ocrx_word' id='word_1_63' title='bbox 348 912 427 979; x_wconf 75' lang='lat' dir='ltr'>nolti</span> <span class='ocrx_word' id='word_1_64' title='bbox 452 917 602 994; x_wconf 81' lang='grc' dir='ltr'><strong><em>κειμένων</em></strong></span> <span class='ocrx_word' id='word_1_65' title='bbox 618 915 675 976; x_wconf 81' lang='grc' dir='ltr'><strong><em>τοῦ</em></strong></span> <span class='ocrx_word' id='word_1_66' title='bbox 692 913 858 997; x_wconf 74' lang='grc' dir='ltr'><strong><em>εὐκτηρίου</em></strong></span> <span class='ocrx_word' id='word_1_67' title='bbox 874 914 930 1014; x_wconf 64' lang='grc' dir='ltr'>τῇς</span> <span class='ocrx_word' id='word_1_68' title='bbox 954 910 1081 992; x_wconf 75' lang='grc' dir='ltr'><strong><em>ἐπίκλην</em></strong></span> <span class='ocrx_word' id='word_1_69' title='bbox 1106 903 1258 986; x_wconf 77' lang='grc' dir='ltr'><strong><em>ὁμονοίας</em></strong></span> 
     </span>
     <span class='ocr_line' id='line_1_10' title="bbox 292 986 1391 1081; baseline -0.011 -20"><span class='ocrx_word' id='word_1_70' title='bbox 292 1001 374 1072; x_wconf 80' lang='grc' dir='ltr'><strong><em>σίας·</em></strong></span> <span class='ocrx_word' id='word_1_71' title='bbox 417 999 451 1061; x_wconf 81' lang='grc' dir='ltr'>ἐν</span> <span class='ocrx_word' id='word_1_72' title='bbox 478 998 512 1059; x_wconf 80' lang='grc' dir='ltr'>δὲ</span> <span class='ocrx_word' id='word_1_73' title='bbox 536 1000 580 1081; x_wconf 75' lang='grc' dir='ltr'>τῷ</span> <span class='ocrx_word' id='word_1_74' title='bbox 600 990 780 1081; x_wconf 79' lang='grc' dir='ltr'><strong><em>μεσαιτάτῳ</em></strong></span> <span class='ocrx_word' id='word_1_75' title='bbox 795 996 849 1078; x_wconf 75' lang='grc' dir='ltr'>τῆς</span> <span class='ocrx_word' id='word_1_76' title='bbox 865 1000 984 1065; x_wconf 84' lang='grc' dir='ltr'><strong><em>πολεοος</em></strong></span> <span class='ocrx_word' id='word_1_77' title='bbox 998 995 1088 1077; x_wconf 81' lang='grc' dir='ltr'><strong><em>μέρει</em></strong></span> <span class='ocrx_word' id='word_1_78' title='bbox 1110 986 1170 1053; x_wconf 77' lang='lat' dir='ltr'>dud</span> <span class='ocrx_word' id='word_1_79' title='bbox 1196 990 1261 1051; x_wconf 78' lang='lat' dir='ltr'>rori</span> <span class='ocrx_word' id='word_1_80' title='bbox 1288 990 1391 1050; x_wconf 81' lang='grc' dir='ltr'><strong><em>Κοττ-</em></strong></span> 
     </span>
     <span class='ocr_line' id='line_1_11' title="bbox 293 1064 1388 1161; baseline -0.014 -18"><span class='ocrx_word' id='word_1_81' title='bbox 293 1082 453 1144; x_wconf 84' lang='grc' dir='ltr'><strong><em>σταντίνου</em></strong></span> <span class='ocrx_word' id='word_1_82' title='bbox 485 1077 796 1160; x_wconf 78' lang='grc' dir='ltr'><strong><em>προσαγορευομένου</em></strong></span> <span class='ocrx_word' id='word_1_83' title='bbox 826 1071 928 1161; x_wconf 83' lang='grc' dir='ltr'><strong><em>φόρου</em></strong></span> <span class='ocrx_word' id='word_1_84' title='bbox 953 1075 1050 1156; x_wconf 73' lang='grc' dir='ltr'><strong><em>μέχρι</em></strong></span> <span class='ocrx_word' id='word_1_85' title='bbox 1081 1075 1137 1157; x_wconf 74' lang='grc' dir='ltr'>τῆς</span> <span class='ocrx_word' id='word_1_86' title='bbox 1160 1073 1222 1136; x_wconf 79' lang='lat' dir='ltr'>rori</span> <span class='ocrx_word' id='word_1_87' title='bbox 1259 1064 1388 1150; x_wconf 72' lang='lat' dir='ltr'>euripos</span> 
     </span>
     <span class='ocr_line' id='line_1_12' title="bbox 293 1153 1388 1244; baseline -0.008 -21"><span class='ocrx_word' id='word_1_88' title='bbox 293 1164 486 1243; x_wconf 80' lang='grc' dir='ltr'><strong><em>καλουμένης</em></strong></span> <span class='ocrx_word' id='word_1_89' title='bbox 500 1162 625 1243; x_wconf 75' lang='grc' dir='ltr'><strong><em>α’γορᾶς.</em></strong></span> <span class='ocrx_word' id='word_1_90' title='bbox 667 1162 788 1241; x_wconf 83' lang='lat' dir='ltr'>Quibus</span> <span class='ocrx_word' id='word_1_91' title='bbox 808 1182 843 1222; x_wconf 87' lang='lat' dir='ltr'>ac</span> <span class='ocrx_word' id='word_1_92' title='bbox 861 1159 1109 1244; x_wconf 77' lang='lat' dir='ltr'>praecedentibus</span> <span class='ocrx_word' id='word_1_93' title='bbox 1127 1160 1262 1218; x_wconf 87' lang='lat' dir='ltr'>maxime</span> <span class='ocrx_word' id='word_1_94' title='bbox 1283 1153 1388 1215; x_wconf 78' lang='lat' dir='ltr'>verbis</span> 
     </span>
    </p>
   </div>
   <div class='ocr_carea' id='block_1_4' title="bbox 188 1241 1386 1333">
    <p class='ocr_par' dir='ltr' id='par_1_4' title="bbox 188 1241 1386 1333">
     <span class='ocr_line' id='line_1_13' title="bbox 188 1241 1386 1333; baseline -0.008 -25"><span class='ocrx_word' id='word_1_95' title='bbox 188 1249 457 1329; x_wconf 66' lang='lat' dir='ltr'>Mnottsignificat,</span> <span class='ocrx_word' id='word_1_96' title='bbox 491 1267 583 1329; x_wconf 89' lang='lat' dir='ltr'>qnam</span> <span class='ocrx_word' id='word_1_97' title='bbox 611 1245 697 1305; x_wconf 88' lang='lat' dir='ltr'>foede</span> <span class='ocrx_word' id='word_1_98' title='bbox 726 1253 859 1327; x_wconf 75' lang='lat' dir='ltr'>grassata</span> <span class='ocrx_word' id='word_1_99' title='bbox 883 1247 923 1305; x_wconf 87' lang='lat' dir='ltr'>sit</span> <span class='ocrx_word' id='word_1_100' title='bbox 948 1242 1023 1303; x_wconf 88' lang='lat' dir='ltr'>baec</span> <span class='ocrx_word' id='word_1_101' title='bbox 1042 1241 1142 1304; x_wconf 81' lang='lat' dir='ltr'>clades</span> <span class='ocrx_word' id='word_1_102' title='bbox 1166 1251 1198 1302; x_wconf 91' lang='lat' dir='ltr'>et</span> <span class='ocrx_word' id='word_1_103' title='bbox 1233 1249 1386 1333; x_wconf 67' lang='lat' dir='ltr'>quanm</span> 
     </span>
    </p>
   </div>
   <div class='ocr_carea' id='block_1_5' title="bbox 285 1321 1440 4223">
    <p class='ocr_par' dir='ltr' id='par_1_5' title="bbox 285 1321 1386 3641">
     <span class='ocr_line' id='line_1_14' title="bbox 292 1321 1386 1423; baseline -0.009 -32"><span class='ocrx_word' id='word_1_104' title='bbox 292 1331 378 1392; x_wconf 88' lang='lat' dir='ltr'>urhis</span> <span class='ocrx_word' id='word_1_105' title='bbox 402 1339 519 1411; x_wconf 88' lang='lat' dir='ltr'>partem</span> <span class='ocrx_word' id='word_1_106' title='bbox 552 1326 674 1387; x_wconf 85' lang='lat' dir='ltr'>flamma</span> <span class='ocrx_word' id='word_1_107' title='bbox 700 1326 844 1423; x_wconf 91' lang='lat' dir='ltr'>populata</span> <span class='ocrx_word' id='word_1_108' title='bbox 872 1329 922 1390; x_wconf 79' lang='lat' dir='ltr'>sit.</span> <span class='ocrx_word' id='word_1_109' title='bbox 964 1326 1110 1387; x_wconf 86' lang='lat' dir='ltr'>Eiusdem</span> <span class='ocrx_word' id='word_1_110' title='bbox 1133 1321 1386 1405; x_wconf 70' lang='lat' dir='ltr'>conflagrationi!</span> 
     </span>
     <span class='ocr_line' id='line_1_15' title="bbox 292 1401 1386 1493; baseline -0.009 -19"><span class='ocrx_word' id='word_1_111' title='bbox 292 1416 406 1474; x_wconf 89' lang='lat' dir='ltr'>mentio</span> <span class='ocrx_word' id='word_1_112' title='bbox 424 1409 504 1493; x_wconf 89' lang='lat' dir='ltr'>apud</span> <span class='ocrx_word' id='word_1_113' title='bbox 519 1412 658 1471; x_wconf 89' lang='lat' dir='ltr'>Priscum</span> <span class='ocrx_word' id='word_1_114' title='bbox 672 1412 703 1470; x_wconf 89' lang='lat' dir='ltr'>in</span> <span class='ocrx_word' id='word_1_115' title='bbox 724 1411 880 1492; x_wconf 81' lang='lat' dir='ltr'>broerptis</span> <span class='ocrx_word' id='word_1_116' title='bbox 894 1411 1093 1491; x_wconf 80' lang='lat' dir='ltr'>Legationum</span> <span class='ocrx_word' id='word_1_117' title='bbox 1105 1428 1175 1489; x_wconf 88' lang='lat' dir='ltr'>pag.</span> <span class='ocrx_word' id='word_1_118' title='bbox 1190 1406 1244 1485; x_wconf 83' lang='lat'>43.</span> <span class='ocrx_word' id='word_1_119' title='bbox 1256 1407 1301 1466; x_wconf 87' lang='grc' dir='ltr'>Ι).</span> <span class='ocrx_word' id='word_1_120' title='bbox 1319 1401 1386 1464; x_wconf 76' lang='lat' dir='ltr'>edl-</span> 
     </span>
     <span class='ocr_line' id='line_1_16' title="bbox 291 1487 1384 1577; baseline -0.009 -21"><span class='ocrx_word' id='word_1_121' title='bbox 291 1498 383 1556; x_wconf 87' lang='lat' dir='ltr'>tionis</span> <span class='ocrx_word' id='word_1_122' title='bbox 398 1496 509 1577; x_wconf 84' lang='lat' dir='ltr'>regiae,</span> <span class='ocrx_word' id='word_1_123' title='bbox 527 1504 556 1553; x_wconf 90' lang='lat' dir='ltr'>et</span> <span class='ocrx_word' id='word_1_124' title='bbox 567 1491 762 1554; x_wconf 85' lang='lat' dir='ltr'>Marcellinus</span> <span class='ocrx_word' id='word_1_125' title='bbox 772 1493 881 1554; x_wconf 85' lang='lat' dir='ltr'>Comes</span> <span class='ocrx_word' id='word_1_126' title='bbox 894 1495 926 1551; x_wconf 93' lang='lat' dir='ltr'>in</span> <span class='ocrx_word' id='word_1_127' title='bbox 940 1492 1070 1568; x_wconf 89' lang='lat' dir='ltr'>Chron.‚</span> <span class='ocrx_word' id='word_1_128' title='bbox 1083 1491 1231 1552; x_wconf 64' lang='lat' dir='ltr'>Basilisco</span> <span class='ocrx_word' id='word_1_129' title='bbox 1249 1502 1283 1548; x_wconf 79' lang='lat' dir='ltr'>et</span> <span class='ocrx_word' id='word_1_130' title='bbox 1299 1487 1384 1547; x_wconf 75' lang='lat' dir='ltr'>Her·</span> 
     </span>
     <span class='ocr_line' id='line_1_17' title="bbox 293 1571 1384 1655; baseline -0.006 -16"><span class='ocrx_word' id='word_1_131' title='bbox 293 1581 437 1639; x_wconf 83' lang='lat' dir='ltr'>menerieo</span> <span class='ocrx_word' id='word_1_132' title='bbox 449 1578 543 1648; x_wconf 66' lang='lat' dir='ltr'>Coss„</span> <span class='ocrx_word' id='word_1_133' title='bbox 573 1576 632 1636; x_wconf 93' lang='lat' dir='ltr'>hoc</span> <span class='ocrx_word' id='word_1_134' title='bbox 656 1586 710 1651; x_wconf 88' lang='lat' dir='ltr'>est,</span> <span class='ocrx_word' id='word_1_135' title='bbox 734 1596 815 1635; x_wconf 89' lang='lat' dir='ltr'>anno</span> <span class='ocrx_word' id='word_1_136' title='bbox 836 1575 949 1636; x_wconf 84' lang='lat' dir='ltr'>Christi</span> <span class='ocrx_word' id='word_1_137' title='bbox 968 1572 1063 1653; x_wconf 81' lang='lat'>465.,</span> <span class='ocrx_word' id='word_1_138' title='bbox 1095 1571 1384 1655; x_wconf 68' lang='lat' dir='ltr'>Comemrnnopotin</span> 
     </span>
     <span class='ocr_line' id='line_1_18' title="bbox 292 1656 1384 1755; baseline -0.01 -33"><span class='ocrx_word' id='word_1_139' title='bbox 292 1682 400 1742; x_wconf 79' lang='lat' dir='ltr'>magno</span> <span class='ocrx_word' id='word_1_140' title='bbox 435 1663 571 1719; x_wconf 83' lang='lat' dir='ltr'>invasam</span> <span class='ocrx_word' id='word_1_141' title='bbox 598 1658 732 1720; x_wconf 78' lang='lat' dir='ltr'>irwendio</span> <span class='ocrx_word' id='word_1_142' title='bbox 748 1659 892 1755; x_wconf 68' lang='lat' dir='ltr'>facieque</span> <span class='ocrx_word' id='word_1_143' title='bbox 906 1657 1068 1738; x_wconf 76' lang='lat' dir='ltr'>foedatam</span> <span class='ocrx_word' id='word_1_144' title='bbox 1086 1656 1295 1740; x_wconf 68' lang='lat' dir='ltr'>deploravisse,</span> <span class='ocrx_word' id='word_1_145' title='bbox 1319 1672 1384 1712; x_wconf 85' lang='lat' dir='ltr'>me-</span> 
     </span>
     <span class='ocr_line' id='line_1_19' title="bbox 292 1738 1385 1822; baseline -0.008 -17"><span class='ocrx_word' id='word_1_146' title='bbox 292 1754 402 1805; x_wconf 87' lang='lat' dir='ltr'>morat.</span> <span class='ocrx_word' id='word_1_147' title='bbox 455 1744 545 1801; x_wconf 90' lang='lat' dir='ltr'>Diem</span> <span class='ocrx_word' id='word_1_148' title='bbox 582 1741 785 1822; x_wconf 85' lang='lat' dir='ltr'>praescribere</span> <span class='ocrx_word' id='word_1_149' title='bbox 818 1740 940 1802; x_wconf 75' lang='lat' dir='ltr'>videtur</span> <span class='ocrx_word' id='word_1_150' title='bbox 975 1739 1154 1801; x_wconf 88' lang='lat' dir='ltr'>Theodorus</span> <span class='ocrx_word' id='word_1_151' title='bbox 1187 1738 1385 1819; x_wconf 76' lang='lat' dir='ltr'>Anagnostes</span> 
     </span>
     <span class='ocr_line' id='line_1_20' title="bbox 293 1816 1385 1909; baseline -0.006 -23"><span class='ocrx_word' id='word_1_152' title='bbox 293 1829 424 1909; x_wconf 86' lang='lat' dir='ltr'>Magnae</span> <span class='ocrx_word' id='word_1_153' title='bbox 437 1822 591 1888; x_wconf 88' lang='lat' dir='ltr'>Ecclesiae</span> <span class='ocrx_word' id='word_1_154' title='bbox 606 1823 660 1885; x_wconf 92' lang='lat' dir='ltr'>lib.</span> <span class='ocrx_word' id='word_1_155' title='bbox 682 1822 907 1884; x_wconf 84' lang='lat' dir='ltr'>1.Collectan.:</span> <span class='ocrx_word' id='word_1_156' title='bbox 935 1816 1121 1903; x_wconf 69' lang='grc' dir='ltr'><strong><em>ἐμπρησμὸς</em></strong></span> <span class='ocrx_word' id='word_1_157' title='bbox 1140 1817 1263 1899; x_wconf 76' lang='grc' dir='ltr'><strong><em>ἐγένετο</em></strong></span> <span class='ocrx_word' id='word_1_158' title='bbox 1284 1819 1385 1897; x_wconf 74' lang='grc' dir='ltr'><strong><em>μέγας</em></strong></span> 
     </span>
     <span class='ocr_line' id='line_1_21' title="bbox 292 1893 1384 1993; baseline -0.01 -23"><span class='ocrx_word' id='word_1_159' title='bbox 292 1910 333 1992; x_wconf 79' lang='grc' dir='ltr'>τῇ</span> <span class='ocrx_word' id='word_1_160' title='bbox 365 1907 495 1993; x_wconf 71' lang='grc' dir='ltr'><strong><em>δευτέρᾳ</em></strong></span> <span class='ocrx_word' id='word_1_161' title='bbox 517 1906 574 1967; x_wconf 81' lang='grc' dir='ltr'><strong><em>τοῦ</em></strong></span> <span class='ocrx_word' id='word_1_162' title='bbox 592 1904 806 1986; x_wconf 70' lang='grc' dir='ltr'><strong><em>Σεπτεμβρίου</em></strong></span> <span class='ocrx_word' id='word_1_163' title='bbox 833 1899 933 1984; x_wconf 72' lang='grc' dir='ltr'><strong><em>μηνὸς</em></strong></span> <span class='ocrx_word' id='word_1_164' title='bbox 964 1899 1027 1965; x_wconf 79' lang='lat' dir='ltr'>sind</span> <span class='ocrx_word' id='word_1_165' title='bbox 1048 1904 1105 1966; x_wconf 82' lang='grc' dir='ltr'><strong><em>τοῦ</em></strong></span> <span class='ocrx_word' id='word_1_166' title='bbox 1128 1900 1261 1980; x_wconf 69' lang='grc' dir='ltr'><strong><em>νεωρίου</em></strong></span> <span class='ocrx_word' id='word_1_167' title='bbox 1283 1893 1384 1982; x_wconf 57' lang='lat' dir='ltr'>cipid-</span> 
     </span>
     <span class='ocr_line' id='line_1_22' title="bbox 292 1981 1382 2070; baseline -0.006 -20"><span class='ocrx_word' id='word_1_168' title='bbox 292 2010 401 2068; x_wconf 77' lang='grc' dir='ltr'><strong><em>μενος,</em></strong></span> <span class='ocrx_word' id='word_1_169' title='bbox 422 1985 477 2049; x_wconf 79' lang='grc' dir='ltr'>καί</span> <span class='ocrx_word' id='word_1_170' title='bbox 496 1981 625 2070; x_wconf 74' lang='grc' dir='ltr'><strong><em>φθάσας</em></strong></span> <span class='ocrx_word' id='word_1_171' title='bbox 647 1988 707 2060; x_wconf 75' lang='grc' dir='ltr'>ἕως</span> <span class='ocrx_word' id='word_1_172' title='bbox 728 1987 787 2049; x_wconf 82' lang='grc' dir='ltr'><strong><em>τοῦ</em></strong></span> <span class='ocrx_word' id='word_1_173' title='bbox 805 1982 980 2049; x_wconf 73' lang='grc' dir='ltr'><strong><em>ἀποστόλου</em></strong></span> <span class='ocrx_word' id='word_1_174' title='bbox 1002 1985 1105 2064; x_wconf 83' lang='grc' dir='ltr'><strong><em>Θαμοῑ</em></strong></span> <span class='ocrx_word' id='word_1_175' title='bbox 1127 1984 1183 2045; x_wconf 80' lang='grc' dir='ltr'><strong><em>τοῦ</em></strong></span> <span class='ocrx_word' id='word_1_176' title='bbox 1198 1982 1382 2062; x_wconf 72' lang='grc' dir='ltr'><strong><em>Ἀμαντίου.</em></strong></span> 
     </span>
     <span class='ocr_line' id='line_1_23' title="bbox 294 2070 1383 2152; baseline -0.004 -22"><span class='ocrx_word' id='word_1_177' title='bbox 294 2073 365 2147; x_wconf 86' lang='lat' dir='ltr'>Quo</span> <span class='ocrx_word' id='word_1_178' title='bbox 385 2083 521 2152; x_wconf 87' lang='lat' dir='ltr'>tempore</span> <span class='ocrx_word' id='word_1_179' title='bbox 543 2071 623 2132; x_wconf 90' lang='lat' dir='ltr'>idem</span> <span class='ocrx_word' id='word_1_180' title='bbox 655 2082 803 2148; x_wconf 87' lang='lat' dir='ltr'>testatur,</span> <span class='ocrx_word' id='word_1_181' title='bbox 835 2072 1025 2131; x_wconf 74' lang='lat' dir='ltr'>Marcianum</span> <span class='ocrx_word' id='word_1_182' title='bbox 1055 2070 1266 2130; x_wconf 87' lang='lat' dir='ltr'>Oeconomum</span> <span class='ocrx_word' id='word_1_183' title='bbox 1291 2086 1383 2148; x_wconf 82' lang='lat' dir='ltr'>super</span> 
     </span>
     <span class='ocr_line' id='line_1_24' title="bbox 288 2151 1381 2235; baseline -0.004 -23"><span class='ocrx_word' id='word_1_184' title='bbox 288 2154 409 2235; x_wconf 86' lang='lat' dir='ltr'>tegulas</span> <span class='ocrx_word' id='word_1_185' title='bbox 433 2151 574 2213; x_wconf 87' lang='lat' dir='ltr'>ecclesiae</span> <span class='ocrx_word' id='word_1_186' title='bbox 595 2163 715 2214; x_wconf 87' lang='lat' dir='ltr'>sanctae</span> <span class='ocrx_word' id='word_1_187' title='bbox 737 2155 913 2214; x_wconf 85' lang='lat' dir='ltr'>Anastasiae</span> <span class='ocrx_word' id='word_1_188' title='bbox 931 2151 1159 2222; x_wconf 77' lang='lat' dir='ltr'>conscendisse,</span> <span class='ocrx_word' id='word_1_189' title='bbox 1187 2162 1218 2211; x_wconf 88' lang='lat' dir='ltr'>et</span> <span class='ocrx_word' id='word_1_190' title='bbox 1237 2151 1381 2230; x_wconf 82' lang='lat' dir='ltr'>Euange-</span> 
     </span>
     <span class='ocr_line' id='line_1_25' title="bbox 293 2230 1379 2317; baseline -0.002 -23"><span class='ocrx_word' id='word_1_191' title='bbox 293 2234 342 2295; x_wconf 93' lang='lat' dir='ltr'>liis</span> <span class='ocrx_word' id='word_1_192' title='bbox 365 2258 457 2296; x_wconf 89' lang='lat' dir='ltr'>manu</span> <span class='ocrx_word' id='word_1_193' title='bbox 476 2235 631 2315; x_wconf 79' lang='lat' dir='ltr'>prehensis</span> <span class='ocrx_word' id='word_1_194' title='bbox 651 2235 793 2316; x_wconf 82' lang='lat' dir='ltr'>precibus</span> <span class='ocrx_word' id='word_1_195' title='bbox 814 2237 1006 2317; x_wconf 86' lang='lat' dir='ltr'>lacrimisque</span> <span class='ocrx_word' id='word_1_196' title='bbox 1025 2234 1173 2316; x_wconf 88' lang='lat' dir='ltr'>templum</span> <span class='ocrx_word' id='word_1_197' title='bbox 1196 2233 1275 2294; x_wconf 89' lang='lat' dir='ltr'>illud</span> <span class='ocrx_word' id='word_1_198' title='bbox 1295 2230 1379 2292; x_wconf 81' lang='lat' dir='ltr'>illae·</span> 
     </span>
     <span class='ocr_line' id='line_1_26' title="bbox 293 2315 1379 2400; baseline -0.003 -22"><span class='ocrx_word' id='word_1_199' title='bbox 293 2339 361 2378; x_wconf 91' lang='lat' dir='ltr'>sum</span> <span class='ocrx_word' id='word_1_200' title='bbox 382 2319 525 2380; x_wconf 78' lang='lat' dir='ltr'>servasse.</span> <span class='ocrx_word' id='word_1_201' title='bbox 567 2318 682 2377; x_wconf 85' lang='lat' dir='ltr'>Eadem</span> <span class='ocrx_word' id='word_1_202' title='bbox 703 2318 796 2378; x_wconf 88' lang='lat' dir='ltr'>habet</span> <span class='ocrx_word' id='word_1_203' title='bbox 815 2318 1016 2400; x_wconf 85' lang='lat' dir='ltr'>Theophanes</span> <span class='ocrx_word' id='word_1_204' title='bbox 1036 2322 1067 2378; x_wconf 91' lang='lat' dir='ltr'>in</span> <span class='ocrx_word' id='word_1_205' title='bbox 1091 2317 1243 2378; x_wconf 85' lang='lat' dir='ltr'>Chronico</span> <span class='ocrx_word' id='word_1_206' title='bbox 1256 2315 1379 2375; x_wconf 87' lang='lat' dir='ltr'>iisdem-</span> 
     </span>
     <span class='ocr_line' id='line_1_27' title="bbox 294 2398 1377 2484; baseline -0.003 -24"><span class='ocrx_word' id='word_1_207' title='bbox 294 2423 354 2482; x_wconf 91' lang='lat' dir='ltr'>que</span> <span class='ocrx_word' id='word_1_208' title='bbox 375 2421 471 2482; x_wconf 87' lang='lat' dir='ltr'>paene</span> <span class='ocrx_word' id='word_1_209' title='bbox 494 2399 607 2474; x_wconf 87' lang='lat' dir='ltr'>verbis,</span> <span class='ocrx_word' id='word_1_210' title='bbox 630 2399 688 2460; x_wconf 91' lang='lat' dir='ltr'>hoc</span> <span class='ocrx_word' id='word_1_211' title='bbox 709 2401 855 2463; x_wconf 81' lang='lat' dir='ltr'>duntaxat</span> <span class='ocrx_word' id='word_1_212' title='bbox 875 2406 998 2484; x_wconf 90' lang='lat' dir='ltr'>insuper</span> <span class='ocrx_word' id='word_1_213' title='bbox 1022 2401 1137 2479; x_wconf 88' lang='lat' dir='ltr'>addito,</span> <span class='ocrx_word' id='word_1_214' title='bbox 1159 2399 1243 2482; x_wconf 91' lang='lat' dir='ltr'>quod</span> <span class='ocrx_word' id='word_1_215' title='bbox 1264 2398 1306 2458; x_wconf 89' lang='lat' dir='ltr'>ad</span> <span class='ocrx_word' id='word_1_216' title='bbox 1325 2419 1377 2457; x_wconf 83' lang='lat' dir='ltr'>an·</span> 
     </span>
     <span class='ocr_line' id='line_1_28' title="bbox 293 2483 1377 2568; baseline -0.003 -25"><span class='ocrx_word' id='word_1_217' title='bbox 293 2486 369 2544; x_wconf 75' lang='lat' dir='ltr'>nu&#39;m</span> <span class='ocrx_word' id='word_1_218' title='bbox 402 2485 512 2544; x_wconf 88' lang='lat' dir='ltr'>Leonis</span> <span class='ocrx_word' id='word_1_219' title='bbox 544 2484 686 2564; x_wconf 89' lang='lat' dir='ltr'>quintum</span> <span class='ocrx_word' id='word_1_220' title='bbox 716 2495 807 2568; x_wconf 90' lang='lat' dir='ltr'>atque</span> <span class='ocrx_word' id='word_1_221' title='bbox 837 2486 1030 2546; x_wconf 88' lang='lat' dir='ltr'>indictionem</span> <span class='ocrx_word' id='word_1_222' title='bbox 1061 2484 1157 2559; x_wconf 88' lang='lat' dir='ltr'>XV.,</span> <span class='ocrx_word' id='word_1_223' title='bbox 1180 2483 1246 2544; x_wconf 78' lang='lat' dir='ltr'>sive</span> <span class='ocrx_word' id='word_1_224' title='bbox 1263 2500 1377 2542; x_wconf 84' lang='lat' dir='ltr'>annum</span> 
     </span>
     <span class='ocr_line' id='line_1_29' title="bbox 285 2564 1374 2649; baseline -0.004 -21"><span class='ocrx_word' id='word_1_225' title='bbox 285 2567 447 2628; x_wconf 76' lang='lat' dir='ltr'>Dominici</span> <span class='ocrx_word' id='word_1_226' title='bbox 469 2566 580 2627; x_wconf 84' lang='lat' dir='ltr'>Natalis</span> <span class='ocrx_word' id='word_1_227' title='bbox 602 2565 690 2646; x_wconf 64' lang='lat'>461„</span> <span class='ocrx_word' id='word_1_228' title='bbox 706 2566 922 2628; x_wconf 86' lang='lat' dir='ltr'>incendiariam</span> <span class='ocrx_word' id='word_1_229' title='bbox 944 2567 1026 2627; x_wconf 88' lang='lat' dir='ltr'>illam</span> <span class='ocrx_word' id='word_1_230' title='bbox 1047 2565 1276 2649; x_wconf 87' lang='lat' dir='ltr'>populationem</span> <span class='ocrx_word' id='word_1_231' title='bbox 1301 2564 1374 2624; x_wconf 76' lang='lat' dir='ltr'>refe·</span> 
     </span>
     <span class='ocr_line' id='line_1_30' title="bbox 293 2644 1375 2733; baseline -0.003 -23"><span class='ocrx_word' id='word_1_232' title='bbox 293 2661 361 2729; x_wconf 87' lang='lat' dir='ltr'>rat,</span> <span class='ocrx_word' id='word_1_233' title='bbox 385 2655 415 2711; x_wconf 92' lang='lat' dir='ltr'>in</span> <span class='ocrx_word' id='word_1_234' title='bbox 437 2663 525 2730; x_wconf 83' lang='lat' dir='ltr'>quo,</span> <span class='ocrx_word' id='word_1_235' title='bbox 546 2661 581 2708; x_wconf 91' lang='lat' dir='ltr'>ut</span> <span class='ocrx_word' id='word_1_236' title='bbox 600 2649 705 2727; x_wconf 82' lang='lat' dir='ltr'>vides,</span> <span class='ocrx_word' id='word_1_237' title='bbox 727 2651 926 2733; x_wconf 87' lang='lat' dir='ltr'>quadriennio</span> <span class='ocrx_word' id='word_1_238' title='bbox 945 2650 1068 2712; x_wconf 89' lang='lat' dir='ltr'>dissidet</span> <span class='ocrx_word' id='word_1_239' title='bbox 1087 2671 1106 2712; x_wconf 79' lang='lat' dir='ltr'>a</span> <span class='ocrx_word' id='word_1_240' title='bbox 1127 2646 1299 2709; x_wconf 75' lang='lat' dir='ltr'>Marcellini</span> <span class='ocrx_word' id='word_1_241' title='bbox 1317 2644 1375 2707; x_wconf 86' lang='lat' dir='ltr'>cal-</span> 
     </span>
     <span class='ocr_line' id='line_1_31' title="bbox 294 2730 1375 2817; baseline -0.005 -23"><span class='ocrx_word' id='word_1_242' title='bbox 294 2732 376 2794; x_wconf 88' lang='lat' dir='ltr'>culo.</span> <span class='ocrx_word' id='word_1_243' title='bbox 419 2732 591 2792; x_wconf 89' lang='lat' dir='ltr'>Chronicon</span> <span class='ocrx_word' id='word_1_244' title='bbox 623 2732 774 2794; x_wconf 85' lang='lat' dir='ltr'>Alexand.</span> <span class='ocrx_word' id='word_1_245' title='bbox 803 2733 913 2817; x_wconf 83' lang='lat' dir='ltr'>duplex</span> <span class='ocrx_word' id='word_1_246' title='bbox 943 2733 1100 2815; x_wconf 83' lang='lat' dir='ltr'>distinguit</span> <span class='ocrx_word' id='word_1_247' title='bbox 1128 2730 1320 2806; x_wconf 84' lang='lat' dir='ltr'>incendium,</span> <span class='ocrx_word' id='word_1_248' title='bbox 1347 2740 1375 2789; x_wconf 87' lang='lat' dir='ltr'>et</span> 
     </span>
     <span class='ocr_line' id='line_1_32' title="bbox 293 2813 1374 2898; baseline -0.003 -22"><span class='ocrx_word' id='word_1_249' title='bbox 293 2817 428 2898; x_wconf 89' lang='lat' dir='ltr'>primum</span> <span class='ocrx_word' id='word_1_250' title='bbox 449 2814 572 2898; x_wconf 91' lang='lat' dir='ltr'>quidem</span> <span class='ocrx_word' id='word_1_251' title='bbox 591 2816 735 2876; x_wconf 86' lang='lat' dir='ltr'>accidisse</span> <span class='ocrx_word' id='word_1_252' title='bbox 755 2815 846 2876; x_wconf 80' lang='lat' dir='ltr'>resen</span> <span class='ocrx_word' id='word_1_253' title='bbox 866 2815 1008 2878; x_wconf 89' lang='lat' dir='ltr'>Basilisco</span> <span class='ocrx_word' id='word_1_254' title='bbox 1019 2827 1050 2876; x_wconf 86' lang='lat' dir='ltr'>et</span> <span class='ocrx_word' id='word_1_255' title='bbox 1062 2816 1261 2875; x_wconf 85' lang='lat' dir='ltr'>Armenarico</span> <span class='ocrx_word' id='word_1_256' title='bbox 1280 2813 1374 2888; x_wconf 77' lang='lat' dir='ltr'>Coss,</span> 
     </span>
     <span class='ocr_line' id='line_1_33' title="bbox 292 2895 1375 2981; baseline -0.005 -21"><span class='ocrx_word' id='word_1_257' title='bbox 292 2910 360 2980; x_wconf 90' lang='lat' dir='ltr'>post</span> <span class='ocrx_word' id='word_1_258' title='bbox 381 2899 445 2959; x_wconf 91' lang='lat' dir='ltr'>dies</span> <span class='ocrx_word' id='word_1_259' title='bbox 469 2900 518 2959; x_wconf 75' lang='lat'>50.</span> <span class='ocrx_word' id='word_1_260' title='bbox 541 2897 581 2959; x_wconf 90' lang='lat' dir='ltr'>ab</span> <span class='ocrx_word' id='word_1_261' title='bbox 609 2900 721 2959; x_wconf 89' lang='lat' dir='ltr'>iniusta</span> <span class='ocrx_word' id='word_1_262' title='bbox 751 2898 841 2959; x_wconf 89' lang='lat' dir='ltr'>caede</span> <span class='ocrx_word' id='word_1_263' title='bbox 865 2901 984 2977; x_wconf 89' lang='lat' dir='ltr'>Menae,</span> <span class='ocrx_word' id='word_1_264' title='bbox 1004 2898 1146 2981; x_wconf 82' lang='lat' dir='ltr'>praelecti</span> <span class='ocrx_word' id='word_1_265' title='bbox 1167 2895 1315 2980; x_wconf 83' lang='lat' dir='ltr'>vigilum,</span> <span class='ocrx_word' id='word_1_266' title='bbox 1343 2915 1375 2955; x_wconf 88' lang='lat' dir='ltr'>ac</span> 
     </span>
     <span class='ocr_line' id='line_1_34' title="bbox 291 2978 1371 3064; baseline -0.005 -23"><span class='ocrx_word' id='word_1_267' title='bbox 291 2981 428 3042; x_wconf 85' lang='lat' dir='ltr'>vindicta</span> <span class='ocrx_word' id='word_1_268' title='bbox 447 2982 580 3041; x_wconf 90' lang='lat' dir='ltr'>numinis</span> <span class='ocrx_word' id='word_1_269' title='bbox 600 2980 797 3064; x_wconf 86' lang='lat' dir='ltr'>oonllagrasse</span> <span class='ocrx_word' id='word_1_270' title='bbox 826 2984 858 3042; x_wconf 91' lang='lat' dir='ltr'>in</span> <span class='ocrx_word' id='word_1_271' title='bbox 886 2982 962 3043; x_wconf 87' lang='lat' dir='ltr'>urbe</span> <span class='ocrx_word' id='word_1_272' title='bbox 990 2993 1058 3042; x_wconf 88' lang='lat' dir='ltr'>octo</span> <span class='ocrx_word' id='word_1_273' title='bbox 1077 2983 1213 3062; x_wconf 88' lang='lat' dir='ltr'>regiones</span> <span class='ocrx_word' id='word_1_274' title='bbox 1240 3002 1272 3039; x_wconf 80' lang='lat' dir='ltr'>n.</span> <span class='ocrx_word' id='word_1_275' title='bbox 1293 2978 1371 3060; x_wconf 85' lang='lat' dir='ltr'>Sept.</span> 
     </span>
     <span class='ocr_line' id='line_1_35' title="bbox 292 3061 1372 3146; baseline -0.001 -24"><span class='ocrx_word' id='word_1_276' title='bbox 292 3061 350 3123; x_wconf 80' lang='lat' dir='ltr'>ser.</span> <span class='ocrx_word' id='word_1_277' title='bbox 367 3062 398 3142; x_wconf 94' lang='lat'>4.</span> <span class='ocrx_word' id='word_1_278' title='bbox 425 3063 531 3123; x_wconf 88' lang='lat' dir='ltr'>lndiet.</span> <span class='ocrx_word' id='word_1_279' title='bbox 548 3064 618 3143; x_wconf 66' lang='lat'><em>111„</em></span> <span class='ocrx_word' id='word_1_280' title='bbox 643 3067 705 3142; x_wconf 89' lang='lat' dir='ltr'>(seu</span> <span class='ocrx_word' id='word_1_281' title='bbox 725 3065 826 3146; x_wconf 88' lang='lat' dir='ltr'>potius</span> <span class='ocrx_word' id='word_1_282' title='bbox 848 3064 928 3143; x_wconf 84' lang='lat' dir='ltr'>tv.,)</span> <span class='ocrx_word' id='word_1_283' title='bbox 949 3086 1020 3126; x_wconf 90' lang='lat' dir='ltr'>cum</span> <span class='ocrx_word' id='word_1_284' title='bbox 1039 3061 1245 3124; x_wconf 89' lang='lat' dir='ltr'>celebraretur</span> <span class='ocrx_word' id='word_1_285' title='bbox 1264 3081 1372 3122; x_wconf 87' lang='lat' dir='ltr'>memo-</span> 
     </span>
     <span class='ocr_line' id='line_1_36' title="bbox 291 3143 1373 3227; baseline 0.003 -23"><span class='ocrx_word' id='word_1_286' title='bbox 291 3147 338 3205; x_wconf 85' lang='lat' dir='ltr'>ria</span> <span class='ocrx_word' id='word_1_287' title='bbox 359 3146 392 3205; x_wconf 91' lang='lat' dir='ltr'>S.</span> <span class='ocrx_word' id='word_1_288' title='bbox 407 3148 581 3209; x_wconf 89' lang='lat' dir='ltr'>Mamantis.</span> <span class='ocrx_word' id='word_1_289' title='bbox 623 3147 764 3207; x_wconf 87' lang='lat' dir='ltr'>Alterum</span> <span class='ocrx_word' id='word_1_290' title='bbox 776 3168 849 3208; x_wconf 86' lang='lat' dir='ltr'>vero</span> <span class='ocrx_word' id='word_1_291' title='bbox 863 3147 954 3209; x_wconf 78' lang='lat' dir='ltr'>refert</span> <span class='ocrx_word' id='word_1_292' title='bbox 976 3148 1014 3208; x_wconf 85' lang='lat' dir='ltr'>ad</span> <span class='ocrx_word' id='word_1_293' title='bbox 1035 3169 1149 3208; x_wconf 90' lang='lat' dir='ltr'>annum</span> <span class='ocrx_word' id='word_1_294' title='bbox 1161 3146 1276 3207; x_wconf 87' lang='lat' dir='ltr'>Christi</span> <span class='ocrx_word' id='word_1_295' title='bbox 1290 3143 1373 3227; x_wconf 75' lang='lat'>469,</span> 
     </span>
     <span class='ocr_line' id='line_1_37' title="bbox 291 3226 1371 3313; baseline 0.001 -28"><span class='ocrx_word' id='word_1_296' title='bbox 291 3226 415 3288; x_wconf 89' lang='lat' dir='ltr'>Zenone</span> <span class='ocrx_word' id='word_1_297' title='bbox 436 3237 466 3287; x_wconf 90' lang='lat' dir='ltr'>et</span> <span class='ocrx_word' id='word_1_298' title='bbox 487 3231 643 3291; x_wconf 89' lang='lat' dir='ltr'>Marciano</span> <span class='ocrx_word' id='word_1_299' title='bbox 664 3231 765 3307; x_wconf 72' lang='lat' dir='ltr'>Coss,</span> <span class='ocrx_word' id='word_1_300' title='bbox 786 3251 848 3313; x_wconf 87' lang='lat' dir='ltr'>quo</span> <span class='ocrx_word' id='word_1_301' title='bbox 869 3232 974 3292; x_wconf 89' lang='lat' dir='ltr'>arsisse</span> <span class='ocrx_word' id='word_1_302' title='bbox 994 3230 1103 3291; x_wconf 88' lang='lat' dir='ltr'>urbem</span> <span class='ocrx_word' id='word_1_303' title='bbox 1122 3229 1228 3291; x_wconf 88' lang='lat' dir='ltr'>scribit</span> <span class='ocrx_word' id='word_1_304' title='bbox 1257 3250 1276 3288; x_wconf 83' lang='lat' dir='ltr'>a</span> <span class='ocrx_word' id='word_1_305' title='bbox 1302 3226 1371 3286; x_wconf 85' lang='lat' dir='ltr'>mari</span> 
     </span>
     <span class='ocr_line' id='line_1_38' title="bbox 292 3308 1372 3396; baseline 0.006 -30"><span class='ocrx_word' id='word_1_306' title='bbox 292 3308 331 3367; x_wconf 90' lang='lat' dir='ltr'>ad</span> <span class='ocrx_word' id='word_1_307' title='bbox 353 3327 448 3369; x_wconf 88' lang='lat' dir='ltr'>mare.</span> <span class='ocrx_word' id='word_1_308' title='bbox 492 3311 666 3396; x_wconf 87' lang='lat' dir='ltr'>Utrumque</span> <span class='ocrx_word' id='word_1_309' title='bbox 691 3313 813 3374; x_wconf 85' lang='lat' dir='ltr'>videtur</span> <span class='ocrx_word' id='word_1_310' title='bbox 832 3312 1001 3375; x_wconf 83' lang='lat' dir='ltr'>confudisse</span> <span class='ocrx_word' id='word_1_311' title='bbox 1013 3315 1166 3391; x_wconf 84' lang='lat' dir='ltr'>Zonaras,</span> <span class='ocrx_word' id='word_1_312' title='bbox 1184 3311 1269 3394; x_wconf 87' lang='lat' dir='ltr'>apud</span> <span class='ocrx_word' id='word_1_313' title='bbox 1288 3330 1372 3392; x_wconf 81' lang='lat' dir='ltr'>quem</span> 
     </span>
     <span class='ocr_line' id='line_1_39' title="bbox 292 3387 1371 3479; baseline 0.001 -27"><span class='ocrx_word' id='word_1_314' title='bbox 292 3387 383 3473; x_wconf 88' lang='lat' dir='ltr'>leges,</span> <span class='ocrx_word' id='word_1_315' title='bbox 405 3390 554 3474; x_wconf 79' lang='lat' dir='ltr'>Asparem</span> <span class='ocrx_word' id='word_1_316' title='bbox 565 3405 638 3456; x_wconf 90' lang='lat' dir='ltr'>tunc</span> <span class='ocrx_word' id='word_1_317' title='bbox 653 3417 706 3457; x_wconf 83' lang='lat' dir='ltr'>vas</span> <span class='ocrx_word' id='word_1_318' title='bbox 727 3418 806 3479; x_wconf 91' lang='lat' dir='ltr'>aqua</span> <span class='ocrx_word' id='word_1_319' title='bbox 828 3396 953 3479; x_wconf 90' lang='lat' dir='ltr'>plenum</span> <span class='ocrx_word' id='word_1_320' title='bbox 973 3397 1107 3457; x_wconf 88' lang='lat' dir='ltr'>humeris</span> <span class='ocrx_word' id='word_1_321' title='bbox 1128 3396 1276 3456; x_wconf 87' lang='lat' dir='ltr'>serentem</span> <span class='ocrx_word' id='word_1_322' title='bbox 1296 3395 1371 3454; x_wconf 76' lang='lat' dir='ltr'>sione</span> 
     </span>
     <span class='ocr_line' id='line_1_40' title="bbox 291 3474 1372 3561; baseline 0.003 -27"><span class='ocrx_word' id='word_1_323' title='bbox 291 3474 496 3557; x_wconf 85' lang='lat' dir='ltr'>percurrisse,</span> <span class='ocrx_word' id='word_1_324' title='bbox 531 3477 680 3559; x_wconf 90' lang='lat' dir='ltr'>populum</span> <span class='ocrx_word' id='word_1_325' title='bbox 701 3478 892 3540; x_wconf 90' lang='lat' dir='ltr'>cohortatum</span> <span class='ocrx_word' id='word_1_326' title='bbox 914 3481 1005 3541; x_wconf 82' lang='lat' dir='ltr'>firisse</span> <span class='ocrx_word' id='word_1_327' title='bbox 1025 3489 1056 3541; x_wconf 88' lang='lat' dir='ltr'>et</span> <span class='ocrx_word' id='word_1_328' title='bbox 1075 3477 1201 3561; x_wconf 86' lang='lat' dir='ltr'>singulis</span> <span class='ocrx_word' id='word_1_329' title='bbox 1218 3495 1372 3538; x_wconf 85' lang='lat' dir='ltr'>nummum</span> 
     </span>
     <span class='ocr_line' id='line_1_41' title="bbox 292 3561 851 3641; baseline 0.007 -23"><span class='ocrx_word' id='word_1_330' title='bbox 292 3568 469 3640; x_wconf 86' lang='lat' dir='ltr'>argenteum</span> <span class='ocrx_word' id='word_1_331' title='bbox 491 3579 547 3641; x_wconf 92' lang='lat' dir='ltr'>pro</span> <span class='ocrx_word' id='word_1_332' title='bbox 567 3562 705 3621; x_wconf 87' lang='lat' dir='ltr'>mercede</span> <span class='ocrx_word' id='word_1_333' title='bbox 723 3561 851 3624; x_wconf 88' lang='lat' dir='ltr'>dedisse.</span> 
     </span>
    </p>

    <p class='ocr_par' dir='ltr' id='par_1_6' title="bbox 288 3639 1440 4223">
     <span class='ocr_line' id='line_1_42' title="bbox 374 3639 1371 3728; baseline 0 -25"><span class='ocrx_word' id='word_1_334' title='bbox 374 3639 804 3728; x_wconf 71' lang='lat' dir='ltr'>Pag.18.n.[473,17.]1)e</span> <span class='ocrx_word' id='word_1_335' title='bbox 819 3647 938 3707; x_wconf 68' lang='lat' dir='ltr'>litiano</span> <span class='ocrx_word' id='word_1_336' title='bbox 954 3658 983 3704; x_wconf 84' lang='lat' dir='ltr'>et</span> <span class='ocrx_word' id='word_1_337' title='bbox 992 3642 1134 3707; x_wconf 70' lang='lat' dir='ltr'>l&#39;ininno.</span> <span class='ocrx_word' id='word_1_338' title='bbox 1174 3641 1371 3725; x_wconf 81' lang='lat' dir='ltr'>Reponendns</span> 
     </span>
     <span class='ocr_line' id='line_1_43' title="bbox 291 3724 1372 3809; baseline 0.002 -24"><span class='ocrx_word' id='word_1_339' title='bbox 291 3724 371 3785; x_wconf 80' lang='lat' dir='ltr'>sorte</span> <span class='ocrx_word' id='word_1_340' title='bbox 390 3746 447 3807; x_wconf 90' lang='lat' dir='ltr'>pro</span> <span class='ocrx_word' id='word_1_341' title='bbox 466 3725 589 3785; x_wconf 90' lang='lat' dir='ltr'>Titiano</span> <span class='ocrx_word' id='word_1_342' title='bbox 619 3726 781 3801; x_wconf 89' lang='lat' dir='ltr'>Tatianus,</span> <span class='ocrx_word' id='word_1_343' title='bbox 829 3728 868 3789; x_wconf 88' lang='lat' dir='ltr'>de</span> <span class='ocrx_word' id='word_1_344' title='bbox 894 3749 955 3809; x_wconf 91' lang='lat' dir='ltr'>qno</span> <span class='ocrx_word' id='word_1_345' title='bbox 985 3727 1109 3788; x_wconf 87' lang='lat' dir='ltr'>Priscus</span> <span class='ocrx_word' id='word_1_346' title='bbox 1146 3728 1317 3788; x_wconf 88' lang='lat' dir='ltr'>Historicus</span> <span class='ocrx_word' id='word_1_347' title='bbox 1344 3730 1372 3787; x_wconf 86' lang='lat' dir='ltr'>in</span> 
     </span>
     <span class='ocr_line' id='line_1_44' title="bbox 289 3801 1370 3911; baseline 0 -41"><span class='ocrx_word' id='word_1_348' title='bbox 289 3806 446 3890; x_wconf 86' lang='lat' dir='ltr'>Excerptis</span> <span class='ocrx_word' id='word_1_349' title='bbox 466 3810 509 3869; x_wconf 90' lang='lat' dir='ltr'>Le</span> <span class='ocrx_word' id='word_1_350' title='bbox 530 3811 664 3869; x_wconf 88' lang='lat' dir='ltr'>ationum</span> <span class='ocrx_word' id='word_1_351' title='bbox 684 3831 754 3892; x_wconf 87' lang='lat' dir='ltr'>pag.</span> <span class='ocrx_word' id='word_1_352' title='bbox 770 3812 821 3911; x_wconf 63' lang='lat'>24.</span> <span class='ocrx_word' id='word_1_353' title='bbox 846 3812 986 3872; x_wconf 90' lang='lat' dir='ltr'>editionis</span> <span class='ocrx_word' id='word_1_354' title='bbox 1004 3813 1122 3892; x_wconf 75' lang='lat' dir='ltr'>regiae:</span> <span class='ocrx_word' id='word_1_355' title='bbox 1158 3801 1208 3869; x_wconf 78' lang='lat' dir='ltr'>dn</span> <span class='ocrx_word' id='word_1_356' title='bbox 1238 3807 1296 3870; x_wconf 77' lang='grc' dir='ltr'><strong><em>ἐπί</em></strong></span> <span class='ocrx_word' id='word_1_357' title='bbox 1309 3808 1370 3871; x_wconf 83' lang='lat' dir='ltr'>As&#39;·</span> 
     </span>
     <span class='ocr_line' id='line_1_45' title="bbox 290 3830 1370 3974; baseline 0.004 -26"><span class='ocrx_word' id='word_1_358' title='bbox 290 3908 377 3961; x_wconf 84' lang='grc' dir='ltr'><strong><em>οντος</em></strong></span> <span class='ocrx_word' id='word_1_359' title='bbox 402 3830 558 3967; x_wconf 50' lang='grc' dir='ltr'><strong><em>βασιλέος</em></strong></span> <span class='ocrx_word' id='word_1_360' title='bbox 572 3888 743 3968; x_wconf 85' lang='grc' dir='ltr'><strong><em>Ῥωμαίων</em></strong></span> <span class='ocrx_word' id='word_1_361' title='bbox 766 3888 972 3972; x_wconf 68' lang='lat' dir='ltr'>superficiem</span> <span class='ocrx_word' id='word_1_362' title='bbox 996 3886 1082 3974; x_wconf 70' lang='grc' dir='ltr'><strong><em>παρέ</em></strong></span> <span class='ocrx_word' id='word_1_363' title='bbox 1107 3892 1167 3970; x_wconf 82' lang='grc' dir='ltr'><strong><em>μὲν</em></strong></span> <span class='ocrx_word' id='word_1_364' title='bbox 1189 3886 1370 3972; x_wconf 71' lang='grc' dir='ltr'><strong><em>Βανδῆλους</em></strong></span> 
     </span>
     <span class='ocr_line' id='line_1_46' title="bbox 289 3966 1440 4059; baseline 0.003 -30"><span class='ocrx_word' id='word_1_365' title='bbox 289 3967 371 4052; x_wconf 66' lang='grc' dir='ltr'>ὑπὲρ</span> <span class='ocrx_word' id='word_1_366' title='bbox 390 3972 523 4034; x_wconf 81' lang='grc' dir='ltr'><strong><em>Ἰταλῶν</em></strong></span> <span class='ocrx_word' id='word_1_367' title='bbox 546 3969 701 4048; x_wconf 84' lang='grc' dir='ltr'><strong><em>Τατιανὸς</em></strong></span> <span class='ocrx_word' id='word_1_368' title='bbox 725 3974 760 4036; x_wconf 87' lang='grc' dir='ltr'>έν</span> <span class='ocrx_word' id='word_1_369' title='bbox 784 3977 823 4056; x_wconf 81' lang='grc' dir='ltr'>τῇ</span> <span class='ocrx_word' id='word_1_370' title='bbox 848 3975 909 4036; x_wconf 82' lang='grc' dir='ltr'>τῶν</span> <span class='ocrx_word' id='word_1_371' title='bbox 926 3973 1098 4053; x_wconf 84' lang='grc' dir='ltr'><strong><em>πατρικίων</em></strong></span> <span class='ocrx_word' id='word_1_372' title='bbox 1114 3972 1186 4059; x_wconf 78' lang='grc' dir='ltr'><strong><em>α’ξίρι</em></strong></span> <span class='ocrx_word' id='word_1_373' title='bbox 1208 3966 1372 4052; x_wconf 77' lang='grc' dir='ltr'><strong><em>καταλεγί-</em></strong></span> <span class='ocrx_word' id='word_1_374' title='bbox 1439 3979 1440 4024; x_wconf 66' lang='grc' dir='ltr'><strong>ἓ</strong></span> 
     </span>
     <span class='ocr_line' id='line_1_47' title="bbox 288 4056 1440 4140; baseline 0.003 -30"><span class='ocrx_word' id='word_1_375' title='bbox 288 4071 401 4129; x_wconf 79' lang='grc' dir='ltr'><strong><em>μενος,</em></strong></span> <span class='ocrx_word' id='word_1_376' title='bbox 421 4077 499 4134; x_wconf 89' lang='lat' dir='ltr'>quae</span> <span class='ocrx_word' id='word_1_377' title='bbox 517 4056 611 4117; x_wconf 88' lang='lat' dir='ltr'>verba</span> <span class='ocrx_word' id='word_1_378' title='bbox 632 4057 744 4118; x_wconf 90' lang='lat' dir='ltr'>ibidem</span> <span class='ocrx_word' id='word_1_379' title='bbox 765 4058 918 4119; x_wconf 88' lang='lat' dir='ltr'>habentur</span> <span class='ocrx_word' id='word_1_380' title='bbox 937 4079 969 4140; x_wconf 88' lang='lat' dir='ltr'>p.</span> <span class='ocrx_word' id='word_1_381' title='bbox 986 4057 1089 4137; x_wconf 76' lang='lat' dir='ltr'>43.D.</span> <span class='ocrx_word' id='word_1_382' title='bbox 1132 4059 1283 4118; x_wconf 80' lang='lat' dir='ltr'>Vivianus</span> <span class='ocrx_word' id='word_1_383' title='bbox 1305 4076 1370 4115; x_wconf 84' lang='lat' dir='ltr'>vern</span> <span class='ocrx_word' id='word_1_384' title='bbox 1439 4113 1440 4136; x_wconf 49' lang='lat'>,</span> 
     </span>
     <span class='ocr_line' id='line_1_48' title="bbox 289 4131 1440 4223; baseline 0.007 -32"><span class='ocrx_word' id='word_1_385' title='bbox 289 4131 354 4208; x_wconf 68' lang='lat' dir='ltr'>sive</span> <span class='ocrx_word' id='word_1_386' title='bbox 381 4134 524 4199; x_wconf 77' lang='lat' dir='ltr'>bibianus</span> <span class='ocrx_word' id='word_1_387' title='bbox 545 4160 625 4201; x_wconf 85' lang='lat' dir='ltr'>anno</span> <span class='ocrx_word' id='word_1_388' title='bbox 637 4141 791 4203; x_wconf 90' lang='lat' dir='ltr'>Dominici</span> <span class='ocrx_word' id='word_1_389' title='bbox 804 4140 920 4204; x_wconf 86' lang='lat' dir='ltr'>Natalis</span> <span class='ocrx_word' id='word_1_390' title='bbox 932 4140 1021 4223; x_wconf 57' lang='lat'>4637</span> <span class='ocrx_word' id='word_1_391' title='bbox 1036 4142 1105 4203; x_wconf 92' lang='lat' dir='ltr'>lnd.</span> <span class='ocrx_word' id='word_1_392' title='bbox 1122 4163 1160 4223; x_wconf 87' lang='lat'>1.,</span> <span class='ocrx_word' id='word_1_393' title='bbox 1176 4162 1245 4201; x_wconf 90' lang='lat' dir='ltr'>curn</span> <span class='ocrx_word' id='word_1_394' title='bbox 1263 4137 1369 4218; x_wconf 84' lang='lat' dir='ltr'>Felice,</span> <span class='ocrx_word' id='word_1_395' title='bbox 1439 4147 1440 4180; x_wconf 65' lang='lat'>³</span> 
     </span>
    </p>
   </div>
   <div class='ocr_carea' id='block_1_6' title="bbox 0 0 1460 4717">
    <p class='ocr_par' dir='ltr' id='par_1_7' title="bbox 0 0 1460 4717">
     <span class='ocr_line' id='line_1_49' title="bbox 0 0 1460 4717; baseline 0 5"><span class='ocrx_word' id='word_1_396' title='bbox 0 0 1460 4717; x_wconf 95' lang='lat' dir='ltr'> </span> 
     </span>
    </p>
   </div>
  </div>
 </body>
</html>
