2909 4717
185 673 611 751 DEDICATIO
655 675 1063 756 HOESCHELII.

197 1110 530 1168 noslmssmo
566 1113 922 1188 turtlssffloquu
954 1116 1055 1173 VIRO

77 1232 515 1328 tonnus
587 1217 1188 1333 marsuano

136 1395 440 1467 vetesano,
472 1393 501 1453 A
521 1360 908 1469 wicrammi,
936 1396 1133 1476 annm,

221 1534 253 1583 8.
284 1532 384 1582 CAES-
410 1529 542 1580 Mum.
568 1532 591 1579 Α
615 1528 777 1580 CONSILIIS
802 1531 874 1580 me.
903 1531 1056 1598 mucis,

209 1669 364 1710 nomo
384 1669 427 1744 ⁸³
448 1667 616 1708 Parnono
639 1669 675 1708 III
697 1668 817 1708 Pulsus
839 1668 1087 1725 BOROMIIDO,

278 1829 314 1891 S.
337 1828 377 1889 P.
391 1829 432 1888 Ι).
456 1828 591 1889 DAVID
613 1824 904 1889 HOESCHELIUS
925 1826 1028 1889 AUG.

101 2061 352 2173 Constantinus
371 2106 683 2189 Porphyrogeuneta‚
708 2116 743 2166 ut
763 2104 966 2169 aTheodosio
977 2109 1132 2191 proditum
1145 2115 1193 2177 in·

102 2211 216 2287 renio,
245 2230 312 2270 non
341 2218 499 2269 contentus
528 2227 564 2266 ex
596 2204 737 2268 omnibns
765 2215 915 2268 terrarum
944 2209 1027 2271 orbis
1058 2214 1194 2293 partibus

106 2306 204 2370 libros
217 2329 357 2391 quosque
371 2308 500 2389 optimos
515 2326 587 2365 cura
599 2325 717 2365 summa
731 2307 918 2386 conquirere,
940 2308 972 2369 id
983 2312 1073 2370 etiam
1085 2334 1194 2395 operae

106 2408 230 2490 511inoe
247 2407 335 2469 utilis
355 2407 463 2467 navari
482 2404 598 2482 voluit,
620 2414 655 2465 ut
670 2425 725 2486 pro
737 2425 839 2466 rerum
850 2406 1021 2471 discrimine
1035 2424 1195 2477 anctorum

109 2527 305 2588 quorumque
325 2508 437 2588 scripta
456 2507 488 2564 in
509 2515 605 2564 certas
625 2501 750 2580 classes,
771 2525 849 2585 quae
868 2504 954 2566 LIII.
976 2508 1115 2584 merant,
1137 2516 1194 2574 tri.

111 2600 185 2665 buta
214 2616 467 2687 congereremur:
491 2614 525 2663 ut
553 2602 673 2684 quaqua
691 2602 728 2661 de
748 2623 802 2680 re,
824 2604 850 2662 si
870 2613 989 2684 tempus
1010 2608 1193 2690 postularet,

111 2703 322 2786 exemplorum
336 2703 518 2788 hypotheses
528 2705 560 2762 in
573 2712 697 2784 promtu
714 2712 822 2761 esseut.
867 2701 991 2764 Illarum
1006 2707 1104 2787 prima
1122 2703 1197 2791 περὶ

109 2803 271 2880 βασιλέων
290 2797 527 2884 ἀναγορεύσεως
541 2813 616 2878 erat,
637 2801 779 2863 vicesima
791 2801 1005 2883 septimanam*
1025 2803 1196 2886 πρέσβεων.

113 2902 310 2975 Ceterarum,
330 2923 430 2982 neque
446 2902 504 2961 alsi
523 2922 707 2982 paucarum,
729 2911 848 2981 praeter
862 2894 899 2960 τὸ
920 2895 1084 2980 ἐπώνυμον
1102 2906 1196 2966 scitur

111 3000 209 3075 nihil,
234 3001 326 3083 idque
347 3024 381 3061 ex
406 3001 540 3082 margine
564 3000 634 3061 libri
652 2999 836 3081 legationum
853 2998 968 3061 calamo
988 3004 1118 3076 exarati,
1141 3004 1196 3067 ubi

23 3138 37 3179 κ,
112 3098 207 3161 lector
225 3111 458 3183 argumentum,
480 3099 565 3181 quod
586 3099 660 3160 alias
680 3098 764 3159 aliud
777 3102 934 3182 attIngitur
955 3099 1070 3175 obiter,
1095 3100 1196 3183 ζητεῖν

114 3199 238 3260 iubetur
256 3198 291 3261 ἐν
311 3200 354 3284 τῷ
372 3194 448 3279 περὶ
465 3196 620 3278 ἐπιβοῶν,
651 3196 685 3258 ἐν
704 3199 747 3281 τῷ
765 3196 842 3280 περὶ
857 3197 1061 3279 κυνηγεσίας,
1088 3199 1122 3262 ἒν
1150 3203 1196 3289 τῷ

114 3297 188 3379 περὶ
205 3291 490 3380 στρατηγημάτων,
509 3298 573 3359 ταῖν
596 3297 759 3377 στρατῶν,
780 3298 814 3358 ἐν
833 3295 876 3381 τῷ
896 3292 971 3379 περὶ
994 3294 1096 3381 νίκης,
1121 3302 1197 3385 περὶ

113 3393 329 3480 δημηγοριῶν,
353 3394 545 3473 ἐπιστολῶν,
577 3395 670 3458 ἐθῶν.
714 3397 781 3457 Hae
814 3397 923 3479 igitur,
945 3397 1092 3461 iniuriane
1118 3410 1196 3461 tem-

117 3498 192 3577 poris
213 3486 276 3559 sint
294 3499 436 3572 amissae,
459 3517 497 3555 an
512 3494 623 3556 alicubi
634 3506 810 3571 serventur,
835 3495 971 3556 nondum
988 3495 1092 3579 liquet.
1119 3498 1197 3560 Eius

25 3600 33 3715 Ι
117 3617 205 3673 vero,
237 3619 321 3682 quae
348 3596 389 3656 de
419 3593 524 3677 legatis
553 3597 636 3678 agit,
665 3605 782 3676 partem
808 3594 936 3655 Fulvius
963 3594 1117 3673 Ursinus,
1147 3597 1197 3657 vir

30 3732 33 3741 =
115 3698 348 3777 praeclarissime
362 3694 402 3754 de
418 3696 501 3754 omni
519 3695 697 3776 antiquitate
719 3695 864 3770 meritus,
885 3715 995 3776 magno
1008 3694 1196 3755 eruditorum

114 3799 253 3884 applausu
285 3806 366 3859 ante
392 3814 489 3853 annos
520 3792 636 3875 aliquot
658 3792 862 3875 quammultos
886 3793 998 3871 edidit3
1026 3801 1141 3875 partem
1160 3812 1196 3853 ex

106 3898 288 3965 Snemssimi
316 3891 534 3970 maximiliani,
549 3894 694 3953 Boiorum
718 3893 834 3969 Ducis,
854 3903 885 3953 et
906 3892 944 3953 cl.
969 3893 1028 3952 viri
1056 3888 1197 3952 Andreae

101 4003 208 4069 schotti
229 3993 455 4065 bibliotheca,
471 4012 547 4074 quae
563 3990 759 4053 seminicem
777 3990 930 4073 publicem
945 3994 1049 4050 iuvare
1065 3989 1198 4069 cupienti
1310 3984 1322 4009 ⁰

18 4168 21 4177 1
100 4129 151 4171 ωῃ
173 4114 292 4194 Pater,
314 4114 380 4160 nos
402 4093 464 4151 iam
485 4092 678 4181 evulgamqs3
700 4091 838 4174 hancque
854 4087 1099 4171 eonobiliorem,
1115 4087 1200 4172 quod

18 4194 23 4245 q
802 4192 810 4205 .
