2909 4717
282 217 370 334 396
713 238 927 310 uacuam

142 409 342 481 λαοφόνον
362 395 594 480 ἐνδεικνύμενος
611 387 669 481 ήν,
691 388 745 464 oio
774 396 813 483 δή
835 389 894 462 osia
913 396 948 462 is
968 397 1115 483 προνοίας
1134 392 1234 481 τινός,
1255 394 1304 474 de
1324 392 1375 464 lte

134 480 1378 681 itaet}-

278 695 348 761 όντε
378 693 511 760 ἔσεσθαι
540 685 580 758 όν
608 685 713 769 ἄλλοις
741 690 801 777 τήν
829 695 970 779 Περσῶν
996 693 1167 779 Ἀρμενίαν
1187 688 1376 778 ἀναστήσει·

279 798 359 862 σθαι
391 795 448 858 καί
469 792 633 879 Ἰβηρίαν,
658 792 690 857 εἰ
716 788 762 878 μή
778 817 828 858 um
857 787 1064 878 ὀχυρωτάτην
1092 787 1179 859 tadu
1193 790 1395 875 ‘Pmssoee‘maS

181 914 214 972 v.
225 887 466 979 ,οηχαροόσοιτο
485 890 597 975 πόλιν,
618 893 720 958 errat
738 915 775 958 τε
792 890 1025 974 καθεδούμενος
1039 887 1238 957 όνασώσεται
1258 892 1321 977 τήν
1341 893 1376 968 ἐς

277 991 419 1060 τοόιιίσοο
433 988 544 1057 λοιπόν
562 991 882 1076 όγκαταλελειμμὲνην
895 988 1143 1079 Περσαρμενιόιν
1161 1014 1196 1056 τε
1215 989 1274 1056 καί
1286 991 1376 1075 '1190-

278 1093 364 1181 ρίαν.
401 1094 571 1179 τοιγαροῦν
589 1088 815 1180 ἀναμφιβόλως
841 1084 909 1175 εἶχε
931 1090 1193 1159 Θεοδοσιοόιιολιν
1214 1091 1376 1177 αἱρήσειν.

245 1187 361 1260 adore
380 1188 569 1278 όιιοφαίνων
591 1211 626 1257 τε
646 1188 702 1256 καί
723 1190 948 1273 αἰνιττόμενος,
982 1186 1026 1267 σός
1046 1185 1208 1255 όλοόσεταί
1223 1213 1260 1274 ys
1282 1189 1374 1277 αὕτᾷ

279 1288 405 1365 πόντος
426 1288 446 1374 ή
469 1284 578 1371 πόλις,
606 1280 701 1374 ἤρετο
723 1287 888 1376 Θεόδωρον
916 1286 1010 1355 όιιοία
1032 1286 1072 1374 δή
1093 1285 1172 1354 κατὰ
1193 1287 1229 1354 τό
1249 1292 1408 1369 μᾶλλοιια

280 1389 440 1467 ἅνόλοιτος
459 1382 540 1454 εἶναι
560 1390 651 1454 donet
667 1387 778 1470 πόλις,
798 1386 835 1455 τό
856 1385 970 1476 Δόρας
988 1381 1011 1473 ἢ
1031 1389 1113 1476 drino
1133 1387 1154 1472 ἦ
1178 1385 1371 1461 Θεοδοσιοό-

278 1493 378 1569 πολιςς
391 1486 445 1570 οἷς,
463 1482 526 1573 si'ya
544 1481 644 1566 οὕτως
664 1486 917 1576 ἀσφαλεστάτην,
938 1484 1055 1574 ἐδήλου
1077 1490 1114 1554 dd
1134 1484 1171 1553 τό
1181 1486 1306 1573 Δόρας,
1320 1489 1371 1564 ἐξ·

280 1596 365 1670 εἷλε,
392 1586 480 1677 ιιόσιρ
506 1589 626 1669 μᾶλλον
649 1587 706 1674 τήν
740 1589 802 1671 οίχ
829 1583 931 1664 οότοις
959 1585 1098 1673 ἰσχυρόν
1134 1590 1370 1672 παραρτήσαντα

281 1687 558 1754 Θεοδοσιοόιιολιν.
600 1686 769 1774 Θεόδωρος
787 1680 918 1769 nivosis
937 1678 1127 1772 όιιενρίνατο
1147 1688 1370 1773 ἐμφρονέστα-

279 1786 319 1852 soi
339 1808 424 1869 σας,
453 1782 615 1852 α’νόλιοτον
635 1780 718 1852 είναι
739 1787 860 1872 ἐκείνην
888 1785 996 1872 φήσας
1014 1782 1071 1870 τήν
1091 1781 1181 1850 ιιόλιν
1200 1782 1261 1870 τήν
1282 1784 1404 1855 ἐσαείιό

280 1888 523 1975 φρουρουμένην
541 1882 605 1950 tut
626 1888 717 1958 θεοῦ.
759 1884 778 1950 ό
799 1887 836 1950 dd
856 1883 1009 1968 βασιλεός
1028 1884 1046 1949 ό
1068 1885 1231 1970 Περσιόν,
1252 1878 1371 1968 πρίνή

282 1983 451 2070 θτόόοορον
477 1981 557 2071 ιιρός
592 1984 697 2050 ου’τοό
716 1978 899 2071 οἶφεθήναι,
920 1983 965 2062 oie·
985 1985 1105 2068 ἐγένετο
1125 1983 1229 2068 tygri
1251 1985 1370 2050 Θεοδο-

280 2078 483 2165 σιουιιόλεως,
503 2079 670 2170 κατενόησε
678 2081 736 2169 τήν
750 2079 842 2150 πόλιν
853 2075 891 2149 ri
900 2082 988 2167 μάλα
998 2084 1055 2149 καί
1068 2079 1111 2160 ὥς
1126 2084 1256 2169 οἶληθοός
1277 2084 1312 2158 ἒς
1328 2080 1367 2147 τό

254 2184 417 2262 cuntium
431 2186 740 2267 παρεσκευασμένην.
769 2188 928 2250 καίτινσον
939 2179 1056 2267 μεταξό
1069 2185 1244 2268 γενομέναν
1255 2183 1368 2268 α’φιησι

281 2278 434 2365 βασιλιός
454 2279 471 2348 ό
493 2285 632 2368 Περσιόν
653 2281 817 2368 Θεόδωρον
844 2285 879 2360 ἔς
898 2280 1073 2362 Βυζάντιον
1092 2279 1316 2363 ἐλευσόμενον,
1336 2282 1401 2347 ino

219 2431 231 2457 ,
280 2375 448 2467 γράμμασι
466 2382 527 2463 μὲν
547 2380 722 2469 κατάδηλον
736 2380 871 2469 ιιοιήσας
888 2387 933 2472 τῷ
948 2382 1105 2468 Καίσαρι,
1120 2381 1164 2457 σός
1183 2374 1296 2465 ἥδεται
1316 2374 1368 2444 καί

349 2567 377 2621 ε.
395 2561 574 2623 ίνασολσεται
590 2568 635 2634 Β.,
654 2566 799 2626 ιίναδιλσιι
821 2583 852 2624 τι
867 2570 939 2642 vulg.
1023 2588 1062 2624 ιι.
1080 2566 1120 2622 do
1162 2566 1298 2651 λεστρτην
1317 2563 1366 2630 lt,

351 2637 554 2710 ἀσφαλεστάτη
569 2640 640 2712 vulg.
714 2658 754 2695 sa.
768 2642 831 2713 slya
848 2639 936 2701 ὄντας
948 2648 978 2696 et
993 2639 1098 2707 ίίιὶλου
1160 2640 1187 2693 st
1210 2654 1243 2692 το
1264 2637 1299 2692 tt

280 2798 349 2848 nato
367 2800 396 2847 et
415 2809 495 2853 essu,
512 2810 570 2848 non
588 2793 623 2848 da
640 2792 776 2848 industria
794 2793 912 2856 iaceret,
935 2811 1018 2866 quam
1036 2795 1128 2849 aalide
1145 2799 1174 2848 et
1189 2792 1292 2865 vigenti
1310 2808 1365 2845 eor·

281 2880 350 2935 pore
367 2873 455 2929 esset,
481 2864 646 2919 ostentabat.
682 2865 817 2934 Sperabat
843 2875 950 2928 nutem,
974 2864 1210 2935 Theodosiopolin
1227 2882 1257 2917 se.
1274 2863 1363 2934 aliquo

281 2934 363 2988 modo
381 2948 538 3006 expugnare
554 2951 650 3005 posse:
672 2933 743 2988 baec
759 2937 832 2987 enim
851 2936 982 3007 cogitatio
1000 2937 1075 2988 itlius
1093 2938 1185 2989 animo
1204 2934 1365 2997 occurrebat,

281 3021 385 3058 senon
403 3005 458 3058 alia
478 3006 584 3059 ratione
608 3006 821 3060 Persarmeniam
848 3014 876 3059 et
895 3007 1011 3060 iberiam
1037 3023 1117 3076 posse
1139 3007 1193 3060 sibi
1219 3006 1364 3065 subiicere,

282 3090 364 3144 quarn
383 3077 406 3126 si
424 3092 507 3128 unam
528 3094 562 3130 ex
579 3076 708 3130 Romanis
733 3076 847 3131 urbibus
868 3094 983 3148 eamque
1009 3079 1220 3130 munitissimam
1245 3082 1364 3146 caperet,

282 3142 313 3194 in
331 3159 386 3213 qua
404 3144 473 3198 belli
491 3145 584 3201 sedem
602 3149 792 3210 constituens,
811 3148 887 3219 quod
911 3149 1113 3202 Persarmeniae
1131 3156 1160 3200 et
1178 3149 1286 3200 iberiae
1308 3150 1365 3216 post

280 3220 387 3283 tergum
405 3224 493 3280 esset,
520 3224 651 3272 tueretur.
688 3218 747 3270 Nec
765 3217 839 3271 enim
858 3217 902 3271 iili
921 3217 1036 3271 dubium
1055 3226 1129 3282 erat,
1147 3235 1176 3270 se
1194 3217 1363 3271 Theodosio·

279 3284 366 3353 polim
385 3294 609 3357 expugnatorum.
627 3288 714 3373 quue
732 3288 856 3342 indicans
876 3296 905 3342 et
921 3290 1034 3352 iactans,
1054 3304 1083 3340 se
1101 3289 1177 3341 illam
1196 3290 1271 3341 omni
1289 3284 1363 3338 modo

280 3360 445 3422 capturum,
470 3356 646 3427 Theodorum
665 3361 860 3429 interrogavit,
885 3377 956 3431 quae
978 3360 1021 3413 atu
1038 3358 1104 3412 urbs
1122 3375 1155 3412 ex
1175 3369 1276 3429 ugnatn
1295 3356 1363 3408 diffi-

281 3424 362 3477 cilior
380 3424 543 3479 videretur?
559 3429 653 3494 Daras,
672 3446 709 3482 an
719 3429 972 3500 Theodosiopolis?
990 3430 1099 3502 Quibus
1108 3378 1198 3483 seriis
1218 3429 1363 3499 significare

279 3493 410 3558 solebat,
434 3513 519 3566 quum
545 3499 645 3563 Daras,
675 3500 809 3569 oppidum
834 3501 1069 3566 munitissimum,
1099 3502 1233 3572 cepisset,
1286 3506 1362 3550 nanto

280 3566 366 3637 magis
383 3563 644 3637 Theodosiopolim‚
670 3585 741 3642 quae
758 3587 815 3625 non
833 3588 919 3642 aeque
935 3573 1040 3625 munita
1058 3578 1124 3634 erat,
1138 3579 1255 3642 caperet.
1264 3516 1362 3623 qibeo·

281 3636 364 3690 dorus
390 3643 482 3689 autem
505 3636 585 3690 valde
608 3638 762 3708 prudentor
786 3643 945 3713 respondite
974 3660 1033 3695 eam
1059 3642 1167 3696 demum
1193 3639 1288 3694 urbem
1310 3653 1361 3691 esse

280 3708 558 3792 inexpugnabilem,
582 3726 665 3779 quam
690 3709 758 3763 deus
792 3713 822 3764 ia
845 3730 920 3766 suam
951 3712 1104 3767 custodiam
1139 3714 1308 3781 tutelamque
1336 3709 1361 3761 tn

280 3780 1363 3924 t?'tittttst‘ftti‘t,tzitta‘tt’ttt'tttditttttt

280 3919 466 3973 resistendum
487 3919 613 3975 hostibus
630 3925 801 3975 necessariae
826 3932 919 3989 erunt,
938 3928 1043 3996 egregie
1061 3934 1181 3993 paratam
1200 3940 1266 3977 esse.
1301 3922 1362 3975 Cnm

281 3996 373 4042 autem
393 3992 480 4045 multa
499 3994 604 4046 interea
621 3993 817 4065 contigissent,
840 3990 1017 4048 Theodorum
1045 3998 1184 4049 Persarum
1205 4011 1252 4048 rex
1269 3995 1363 4059 bysan-
1425 4034 1426 4037 ,

281 4058 353 4111 tium
379 4062 532 4115 rediturum
562 4062 675 4116 dimisit
724 4065 838 4119 Litteris
863 4065 972 4119 Caesari
998 4066 1179 4136 significavit,
1209 4082 1239 4116 se
1262 4079 1364 4135 quoqne

280 4144 350 4209 “o
374 4127 521 4200 delectari,
539 4142 568 4188 at
583 4135 608 4189 ai
629 4141 780 4208 antequam
805 4138 954 4191 exereitum
981 4145 1179 4210 comparasset,
1210 4131 1365 4191 Theodorus
