2909 4717
277 211 362 326 apl
715 235 924 301 arcanam

135 412 202 480 Ap,
216 398 359 481 ςςςσιλετ
371 386 546 470 ‘Pupulus
565 385 620 454 sui
632 388 787 479 'Iooors'vp
808 388 1027 475 διαλεγόμενος
1033 389 1067 469 ;'’
1093 388 1161 454 τότε
1192 388 1362 475 κατορρω-

163 487 221 539 Ῑωῑ
235 485 369 573 §idduae
392 486 410 552 d
431 490 611 572 Μεβοόόης,
647 486 798 575 περιδεης
820 511 855 554 τε
882 485 1070 572 γενόμενος,
1104 482 1223 574 πρηνὴς
1257 484 1362 553 ἔκειτο

142 552 322 656 insumam,
341 587 498 676 ἐδάφους,
529 585 610 673 πρός
635 583 765 674 ἄρνησιν
793 612 827 653 τε
851 584 1061 674 καταφεύγων
1079 586 1140 661 κατ’Ι
1154 586 1362 669 ἀναινόμενος

268 686 424 775 εἰρῆσθαί
440 684 469 752 oi
488 684 527 752 τό
548 682 665 753 τοιάδε.
706 687 838 775 τοιαύτη
860 682 1011 776 α’πολογίρ
1022 689 1200 774 χρωμένου,
1221 685 1240 751 ὅ
1262 687 1362 753 ariso-

268 780 391 874 κρότονρ
414 782 520 866 ἔδοξεν
539 782 721 870 ὑπάγεσθαι
742 790 783 875 τῇ
802 793 919 871 πειθοῖ,
939 784 1024 865 ἔλεξέ
1043 811 1100 854 τε·
1121 786 1242 869 ,ἔοικεν
1261 779 1319 852 σόν
1340 785 1383 857 ‹35

267 881 423 972 ἕρμηνεός
452 881 528 972 ἡμῖν
556 888 649 972 ἕτερα
678 881 753 952 ἄνθ’
777 880 892 974 ἑτέρων
912 888 1048 974 φράσαι.
1088 888 1119 952 εἰ
1135 891 1242 953 τοίνυν
1262 881 1359 953 ostar

265 988 413 1052 λέλεκταί
427 1008 479 1050 σοι
498 984 584 1073 παραὶ
605 983 641 1051 τό
662 992 836 1072 προσῆκον,
867 985 938 1052 ἴσθι
961 985 996 1053 τό
1017 989 1173 1074 ἐπίκλημα
1194 984 1359 1070 α’πονιιμοὶ-

221 1138 227 1161 ,
264 1088 384 1168 μενος.”
412 1079 547 1163 οότανςό
567 1084 719 1169 βασιλεός
740 1081 846 1152 ἑκοντὶ
864 1084 1221 1173 αποπροσποιησόμενος
1241 1085 1280 1153 τό
1303 1091 1358 1150 λε-

262 1187 384 1268 χθέντα
402 1182 483 1272 πρός
501 1185 601 1251 adrui
620 1187 756 1268 εἰδέναι,
777 1189 841 1252 τῶν
860 1190 1033 1274 εἰρημένων
1050 1186 1108 1273 τήν
1128 1182 1257 1271 ἄγνοιαν
1276 1181 1358 1252 sius-

264 1281 398 1369 κρόνετο,
419 1286 476 1349 καί
494 1282 585 1369 δη·ε’ς
604 1283 639 1353 τό
662 1278 838 1370 ἠπιώτερον
856 1289 1054 1373 μετηνέχθη,
1076 1284 1120 1363 ὥς
1141 1282 1180 1351 όν
1198 1283 1245 1369 μη
1268 1289 1402 1369 θρα·ιο

174 1399 204 1458 P·
216 1379 395 1468 ιοόοότερὸς
414 1405 450 1448 τε
466 1384 524 1450 καί
541 1382 623 1453 sard
641 1383 677 1451 τό
699 1389 820 1467 μᾶλλον
839 1382 1006 1472 όψαχόρας
1024 1384 1126 1452 ἔσοιτο
1147 1384 1166 1450 ό
1189 1383 1355 1468 Μεβιόθης

190 1472 193 1477 ’
262 1482 308 1568 τῷ
327 1484 360 1558 ές
379 1479 502 1549 ἔννοιαν
521 1481 606 1568 ἔχειν
626 1487 804 1551 συνειδέναι
824 1483 880 1552 τόν
901 1485 1116 1572 αότοκρότορα
1136 1489 1176 1574 τῇ
1199 1479 1355 1570 ῥημάτων

261 1579 442 1668 τραχύτητι.
466 1578 550 1649 νότον
572 1581 612 1669 δη
635 1575 693 1650 σόν
712 1587 769 1649 τοῦ
787 1588 945 1667 βασιλέως
963 1586 1269 1670 παρακρουσαμένου
1292 1580 1354 1667 τήν

260 1677 422 1763 ὑπόνοιαν,
447 1681 671 1766 „signidem”
691 1675 761 1768 ἧόὲ
781 1679 978 1770 όΜεβιόδης,
999 1681 1079 1765 „uui
1096 1681 1136 1747 τό
1150 1677 1353 1767 Σαρακηνικό

262 1783 351 1867 φῦλα
373 1776 496 1849 ἅπαντα
516 1784 573 1847 κατ’
585 1775 728 1867 Ἀμβρος
750 1781 850 1873 αότός
867 1778 962 1867 καὶὴ
985 1786 1136 1867 πρεσβεία
1156 1778 1175 1868 ἦ
1197 1784 1263 1846 κατ’
1290 1780 1395 1847 art-1⁵

261 1879 356 1953 τούς·
388 1879 462 1962 ἐμοὶ
479 1880 539 1967 χεὶρ
562 1879 634 1966 σιχη
658 1879 762 1948 ἔσοιτο
781 1884 873 1947 ἕκατί
887 1907 921 1947 τε
942 1882 1066 1964 adreio,
1087 1877 1156 1946 οὐδ’
1176 1878 1302 1960 εἴποιμί
1319 1904 1352 1944 τι

260 1972 405 2041 λοιπόν.”
443 1978 565 2045 τούτων
585 1977 670 2044 orites
691 1984 909 2066 κεκινημένων,
920 1987 1049 2046 πλεῖστα
1068 1982 1130 2063 μὲν
1150 1976 1206 2044 καί
1225 1973 1309 2044 ἄλλα
1331 1978 1353 2044 ό

258 2071 410 2155 βασιλικός
434 2073 489 2142 τόν
515 2078 699 2164 Σαρακηνόν
726 2073 793 2144 εἶπε
813 2084 933 2163 κακῶς,
964 2078 1020 2145 καὶ
1039 2078 1082 2157 τός
1101 2076 1297 2162 μεταβολεύς
1315 2101 1351 2142 τε

258 2168 316 2233 καί
341 2173 573 2258 παλιγκάπηλος
600 2172 682 2261 ἥκοι.
722 2174 802 2263 πρός
821 2187 887 2256 τοῖς
917 2182 944 2244 δ’
965 2178 1112 2266 ἔφασκεν,
1134 2177 1178 2254 οἷς
1198 2179 1260 2261 ου’χ
1282 2170 1350 2253 οἶός

259 2290 295 2331 τι
315 2271 437 2356 πέφυκε
456 2273 584 2357 λησειν,
614 2268 689 2339 droa
710 2277 803 2342 ἕνεκα
821 2282 952 2359 βασιλεῖ
966 2277 1185 2359 ἐντευξόμενος
1204 2275 1391 2363 όφίκετοαο

228 2366 363 2453 Effare?
386 2367 457 2452 yslo,
478 2369 521 2448 σός
545 2373 650 2438 ἐθέλοι
666 2372 705 2439 τό
726 2376 851 2462 συνήθη
881 2373 1030 2462 χρήματα
1053 2374 1249 2458 κομίσασθαι
1269 2375 1351 2461 πρός

256 2466 363 2553 ἡμῶν,
408 2464 479 2535 ἄνθ’
502 2462 554 2537 ἰόν
582 2465 672 2556 οἶμαι
699 2485 858 2557 κομιεῖται
887 2473 1055 2565 ξυμφορὰς
1077 2474 1094 2540 ὁ
1116 2474 1292 2562 κατάρατός
1312 2499 1348 2541 τι

326 2623 351 2691 4.
372 2623 487 2701 τοιαύτη
510 2627 552 2694 B„
569 2627 654 2699 ταύτῃ
672 2630 744 2702 vulg.
819 2629 859 2699 τό.
877 2623 895 2697 ό
911 2628 942 2686 (ll
960 2632 1006 2696 Bo
1024 2627 1075 2696 ἤδη
1098 2630 1170 2701 Vult·

256 2771 352 2824 teres?
371 2773 470 2829 Annon
488 2780 589 2839 sentis.
608 2789 635 2834 te
654 2799 716 2833 cum
735 2784 915 2835 Rornanorum
932 2783 1098 2853 Imperatore
1117 2788 1145 2834 ct
1162 2782 1269 2835 Iustino
1286 2801 1347 2836 ser·

255 2857 365 2894 monem
391 2844 534 2901 haborc?”
578 2851 648 2903 Tum
675 2848 865 2905 consternatui
886 2852 1019 2905 Mebodes
1042 2868 1109 2922 prae
1124 2868 1225 2921 pavore
1237 2871 1347 2974 pronus

247 2911 284 2964 iu
309 2921 408 2967 terram
435 2935 465 2971 se
491 2920 527 2971 ad
554 2921 613 2973 eius
639 2922 723 2989 pedes
746 2922 894 2990 prostravit
919 2921 1003 2976 etad
1024 2923 1167 2976 mendacia
1184 2924 1347 2991 conugiens

164 3032 170 3045 ‚
254 2983 373 3050 negavit,
394 3003 457 3038 ase
475 2989 542 3039 talia
568 2993 674 3058 prolata
697 2992 791 3051 luisse,
834 2992 896 3061 Qua
920 2995 1094 3046 excusatione
1122 3011 1183 3046 eum
1203 3001 1346 3057 uteretur,

254 3050 406 3118 Imperator
431 3055 514 3111 fidem
538 3057 641 3112 babere
666 3061 825 3124 videbatur,
851 3072 880 3115 ct
897 3062 981 3115 dixis:
1006 3063 1143 3128 „Videtur
1158 3063 1241 3134 igitur
1259 3066 1346 3116 inter·

255 3135 318 3188 pres
342 3122 423 3174 nobis
452 3126 506 3177 alie
526 3143 576 3195 pro
604 3130 665 3181 aliis
688 3133 859 3199 suggessisse.
895 3134 991 3203 Itaque
1017 3134 1041 3186 si
1067 3133 1138 3186 nihil
1156 3152 1171 3185 s
1190 3143 1217 3185 tc
1237 3133 1344 3186 dietum

255 3199 299 3241 est
318 3187 353 3240 ab
371 3192 507 3317 Offidff
523 3197 621 3250 decoro
640 3200 771 3265 alienum,
790 3202 859 3253 scitu
877 3212 904 3255 te
922 3204 1023 3254 crimen
1037 3204 1190 3274 purgasse.''
1208 3203 1250 3256 Ad
1269 3203 1344 3256 hunc

499 3284 515 3318 ο

253 3258 365 3310 modum
382 3262 439 3329 Imp
518 3286 531 3318 r
554 3276 653 3337 sponte
669 3287 717 3332 ca,
743 3289 813 3342 quae
832 3271 905 3325 dicta
924 3273 1051 3336 lucrant,
1069 3291 1130 3325 eum
1149 3289 1243 3326 eorum
1262 3275 1344 3343 igno·

253 3329 390 3381 rationem
408 3333 558 3399 simularet,
580 3337 800 3395 dissimulatione
818 3347 958 3411 transegit,
975 3351 1003 3395 et
1020 3343 1055 3394 ad
1072 3345 1157 3396 animi
1170 3347 1342 3415 aequitatem

253 3405 297 3449 est
320 3398 464 3469 delapsus,
490 3418 526 3456 nc
552 3407 623 3460 sorte
646 3411 778 3464 Melsodes
802 3412 832 3463 iu
855 3422 993 3481 posterum
1016 3416 1095 3465 lieret
1117 3413 1268 3476 audacior,
1293 3422 1344 3466 aut

252 3465 345 3521 verbis
363 3473 469 3534 elatior,
486 3491 571 3542 quum
590 3481 786 3545 recordaretur,
805 3484 997 3550 Imperatorem
1019 3487 1150 3537 sermonis
1169 3486 1228 3535 eius
1248 3484 1343 3552 impu·

169 3562 175 3573 ·
253 3537 374 3591 dentiam
399 3542 630 3599 animadvertisse.
671 3552 767 3621 ltaque
795 3571 878 3624 quum
904 3555 944 3605 sic
968 3555 1119 3624 Imperator
1137 3555 1212 3625 quod
1237 3553 1342 3617 sensit,

252 3612 444 3677 repressisset,
460 3612 592 3668 Mcbodes
611 3620 786 3675 exclamarit:
828 3623 954 3686 „Abeant
974 3627 1003 3675 in
1021 3624 1119 3675 malam
1137 3641 1194 3676 rem
1213 3631 1243 3675 ct
1259 3625 1342 3676 Sara·

253 3681 364 3733 eeuieae
382 3690 475 3749 gentes
494 3702 586 3738 omnes
605 3692 758 3743 etdurbrus
776 3692 836 3763 ipse
854 3702 882 3746 et
896 3694 997 3763 legatio
1016 3710 1118 3746 eorum:
1136 3693 1203 3745 milri
1221 3710 1287 3746 vero
1305 3693 1343 3746 de

252 3748 319 3815 Ipsis
337 3751 478 3804 silentium
488 3757 525 3805 sit
544 3773 636 3829 neque
650 3763 800 3832 quidquam
812 3763 840 3815 in
857 3774 995 3833 posterum
1007 3763 1121 3817 dicam.’'
1155 3763 1234 3832 Quae
1253 3782 1342 3834 quum

251 3817 382 3883 dixisset,
403 3823 554 3893 Imperator
574 3846 686 3901 quoquo
704 3832 849 3885 maledieta
874 3835 903 3886 in
922 3833 1085 3886 Saracenum
1104 3833 1238 3897 coniecit,
1260 3851 1341 3886 eum-

251 3905 306 3958 que
330 3895 483 3946 iustitorem
513 3905 541 3948 et
562 3902 712 3968 cauponem
740 3906 896 3972 appellavit.
933 3905 974 3956 Ad
993 3903 1062 3956 haec
1080 3904 1160 3966 dixit,
1177 3921 1205 3956 sc
1224 3904 1341 3958 silentio

251 3964 401 4027 praeterire
420 3980 476 4016 non
493 3984 583 4036 posse,
601 3988 654 4040 qua
674 3973 708 4024 do
726 3992 807 4025 causa
827 3975 1000 4043 Imperatoris
1018 3992 1189 4045 congressum
1210 3981 1341 4043 tantope-

252 4044 282 4079 re
299 4036 478 4101 concupisset.
515 4038 645 4100 „Scilicet
663 4043 743 4107 dicit,
771 4061 800 4095 se
817 4062 833 4096 a
853 4043 933 4096 uobis
950 4045 1045 4097 solitas
1064 4045 1194 4115 pecunias
1212 4045 1339 4113 accipere

251 4096 339 4164 relic,
359 4118 410 4172 pro
433 4106 533 4177 quihus
551 4111 729 4177 calamitates,
754 4114 871 4185 opinor,
894 4114 1024 4170 scelestus
1050 4123 1079 4170 et
1095 4114 1237 4189 improbus
1255 4113 1337 4175 seret.
