2909 4717
429 192 637 259 uuamm
666 192 872 261 umoris.
1128 169 1208 275 ads

105 364 198 429 year,
220 345 239 407 ό
257 349 366 427 μέντοι
391 347 544 449 Τριαρίου
564 348 606 413 τό
625 371 659 413 sa
678 349 735 413 ἐπὶ
753 351 892 426 Λέοντος
911 350 1100 417 συντεθέντα
1120 350 1212 436 ἤξίου
1222 350 1352 426 aas„

110 445 214 532 αὐτῷ
233 440 359 522 πάντως
377 448 546 529 γενέσθαι,
575 450 632 513 καί
649 448 714 512 τῶν
732 450 896 535 προτέρων
913 448 1041 532 χρόνων
1059 451 1117 527 τάς
1137 423 1350 548 συν-ἑξὲοἱσ

107 543 225 623 τάξεις
245 545 439 627 λαμβάνειν,
460 546 536 621 τούς
556 572 591 613 τε
610 544 765 631 κηδεστάς
788 548 874 636 αὐτῷ
902 550 1020 627 ζῶντας
1049 551 1214 637 sinodali-

110 667 193 708 ναι·
214 647 246 709 εἰ
265 647 300 709 δὲ
322 649 378 709 καί
396 636 461 730 ἄρα
480 644 672 731 τεθνήκασι,
692 643 748 710 τόν
767 648 886 711 'iliosis
906 653 979 733 περὶ
998 648 1119 715 τούτων
1138 654 1240 715 δυο-(2

88 739 223 826 ὁμόσαι
251 745 309 806 καί
339 736 471 825 ἄλλους,
495 737 541 821 οἷς
562 742 656 822 ariade
677 742 732 809 ἐπὶ
758 742 960 811 usdrusteis
987 745 1142 834 Ἰσαόρων
1162 776 1217 814 πι-

111 839 240 906 aestu.
262 839 375 925 Ζήνων
395 845 431 908 δὲ
453 840 650 924 πυθόμενος,
663 840 743 927 πρός
762 845 823 925 μὲν
844 842 900 909 τόν
918 845 1117 930 Βαλαμήροο
1139 848 1216 912 aisse·-

110 942 261 1023 κρίνατο,
282 936 334 1003 ὅτι
356 939 454 1017 αότός
476 940 524 1025 εἴη
546 939 703 1026 προδότης
722 941 779 1006 καί
797 940 902 1008 πάντα
922 942 1049 1009 ἐναντία
1071 939 1118 1023 οἷς
1137 942 1217 1013 siul-

110 1062 215 1122 σχετο
245 1035 385 1123 δράσας,
408 1035 513 1127 Ιὅστις
537 1042 740 1122 διαπολεμεῖν
766 1041 982 1125 όποσχόμενος
1012 1040 1107 1125 μόνος
1146 1040 1216 1112 εἶτα

110 1138 178 1202 καί
204 1136 360 1221 βοήθειαν
387 1140 639 1224 προσκαλέσηται
666 1134 783 1225 άλλην,
813 1137 921 1207 πάλιν·
936 1143 972 1206 δὲ
998 1140 1056 1226 τήν
1076 1139 1217 1223 δόναμιν

71 1238 187 1303 σοταῖν
202 1235 372 1316 Ῥωμαίων
392 1241 533 1313 καλέσας
549 1239 656 1324 κρύφα
676 1237 757 1325 πρός
774 1240 969 1325 Θεοδόριχον
990 1237 1120 1326 πράττει
1140 1245 1217 1327 περὶ

74 1332 77 1343 “
112 1339 252 1422 φιλίας·
283 1327 322 1399 οὗ
354 1333 393 1420 δι’]
424 1335 480 1401 καί
499 1335 690 1418 αἰσθόμενον
716 1336 773 1402 τόν
802 1336 975 1424 στρατηγόν
1003 1343 1060 1421 τῆς
1087 1338 1215 1428 Θράκης

111 1434 176 1498 καὶ
193 1430 270 1509 roda
292 1428 417 1517 ἄλλους,
438 1434 549 1501 ὁπόσοι
568 1433 608 1501 τό
626 1436 794 1518 Ῥωμαίων
815 1442 985 1522 φρονοῦσι,
1009 1437 1090 1522 μήτε
1113 1443 1216 1526 α’πην-

110 1536 258 1619 τηκέναι,
278 1532 358 1618 μήτε
378 1532 573 1619 συμβάλλειν
594 1536 682 1624 adrui
700 1534 759 1614 τάς
779 1534 928 1619 δυνάμεις
948 1541 1128 1623 θαρσῆσαι,
1152 1563 1226 1628 φο-·

112 1638 296 1717 βαυμένους
315 1636 455 1720 όνὲδραν.
497 1638 555 1701 νῦν
583 1659 618 1699 τε
646 1638 677 1700 ss’
695 1632 832 1722 θελήσαι
852 1633 933 1723 πρός
953 1636 1052 1704 αόιόν
1072 1644 1212 1727 πολεμῆ-

75 1738 194 1815 ι5ααι,
223 1735 474 1816 ἐπαγγέλλεσθαι
502 1734 591 1823 αὐτῷ
618 1738 721 1799 ταῦτα
754 1734 869 1799 δώσειν
888 1740 1035 1819 νικῶντι,
1069 1744 1206 1823 χρυσίου
1213 1763 1238 1816 n

112 1835 230 1917 λίτρας
261 1833 389 1924 χιλίας,
420 1828 638 1918 μυριάδαςδ
669 1834 846 1919 οἷργυρίου,
882 1830 1042 1919 πρόσοδόν
1069 1861 1104 1902 τε
1131 1836 1214 1923 πρός

112 1931 244 2006 τούτοις
276 1931 482 2011 νομισμάτων
512 1934 656 2016 μορίων·
683 1934 740 1998 καί
771 1933 871 2015 γάμον
899 1934 988 2022 αὐτῷ
1015 1935 1130 2001 δάσειν
1156 1939 1213 2022 τῆς

109 2031 285 2113 Ὀλυβρίοο
303 2029 419 2108 παιδός
439 2023 572 2116 ἢόλλης
592 2035 655 2097 πυόν
669 2032 804 2112 ἐνδόξων
819 2034 977 2116 γυναικῶν
996 2036 1032 2101 ἒν
1051 2037 1092 2123 τῇ
1111 2033 1213 2103 πόλει.

113 2131 274 2196 ταῦτάτε
296 2127 366 2211 ἅμα
386 2133 485 2215 λέγων
505 2134 568 2196 τοῖν
594 2154 628 2198 σε
654 2131 891 2197 άποσταλέντων
919 2135 994 2218 παρ’
1016 2133 1118 2199 arisati
1136 2133 1212 2212 σοδς

75 2233 268 2304 οοπλειόνας
288 2223 392 2307 άξίαις
411 2231 560 2314 ἐτίμησε,
579 2232 637 2296 καί
654 2234 802 2315 πρέσβεις
824 2231 986 2297 άπόοιειλε
1007 2236 1130 2318 πρῶτον
1152 2237 1212 2316 μὲν

117 2330 311 2412 Φιλόξενον,
332 2324 402 2394 εἶτα
428 2324 611 2413 Ἰουλιανόν,
634 2329 667 2394 εἴ
679 2355 747 2406 πως
768 2322 833 2415 όρα
855 2330 998 2397 δόναιντο
1017 2344 1211 2414 μεταπεῖσαι

114 2423 318 2518 ξυρῥαγῆναι
338 2427 459 2520 ἐκείνῳ.
479 2428 522 2505 ὥς
543 2431 579 2496 δὲ
602 2430 696 2497 οόδὲν
716 2428 843 2513 ἔπειθε,
863 2432 993 2515 πέμψας
1013 2430 1091 2510 οοόςΙ
1109 2456 1210 2520 στραι

189 2619 232 2673 so.
248 2613 275 2703 δ(
289 2613 344 2680 N„
357 2614 389 2669 tt
408 2616 480 2686 vulg.
557 2632 599 2670 ao.
620 2612 715 2677 δείους
731 2613 899 2687 delituerit„
915 2613 997 2678 θείας
1009 2613 1211 2688 διίμρσεοοίρ.

116 2771 256 2833 stulabat,
279 2778 312 2822 ut
337 2769 429 2822 omnia
455 2767 509 2820 sibi
531 2783 547 2818 a
566 2766 660 2819 Leone
679 2766 812 2836 promissa
830 2773 1052 2837 praestarentur,
1076 2775 1105 2820 et
1127 2784 1212 2838 prac-

116 2846 265 2895 teritorum
292 2857 426 2891 annorum
450 2836 589 2909 stipendia
614 2839 800 2900 solverentur,
829 2847 857 2890 et
880 2839 970 2891 affines
989 2841 1032 2891 sui
1049 2840 1210 2908 superstites

115 2914 169 2964 sibi
189 2912 386 2977 redderentur3
407 2910 441 2962 de
459 2909 503 2961 his
522 2917 629 2970 autem,
648 2909 697 2978 qui
710 2908 812 2960 mortui
827 2917 933 2972 esseut,
951 2909 1033 2961 lllum
1048 2917 1076 2960 et
1092 2912 1211 2963 eslssu-

115 2985 151 3034 ris
172 2985 256 3044 alios,
275 2998 391 3052 quorum
410 2997 490 3032 curae
509 2988 537 3032 ct
554 2978 694 3030 custodiae
713 2979 851 3032 commissi
869 2981 993 3043 lucrant,
1011 2981 1102 3033 iurare
1119 2982 1208 3037 iussit

114 3052 188 3108 llaec
208 3054 259 3105 ubi
277 3056 347 3104 'leno
362 3051 476 3114 sudisit,
494 3049 688 3102 'l'heudericho
705 3048 838 3107 Valamlri
857 3066 1015 3119 responsum
1034 3050 1127 3113 dedit,
1146 3046 1210 3107 cam

117 3138 173 3178 esse
192 3124 381 3195 proditorem,
400 3123 449 3192 qui
468 3121 559 3172 amuis
580 3128 692 3184 eontra,
712 3138 795 3192 quam
813 3124 990 3190 promiscam,
1009 3120 1135 3189 iecisset3
1157 3124 1209 3208 qui

115 3211 174 3247 cam
195 3212 227 3247 se
247 3193 336 3245 solum
354 3192 459 3245 bellum
477 3200 616 3263 gesturum
635 3191 716 3247 fidam
736 3191 872 3253 dedisset,
897 3192 1011 3245 aliunde
1031 3195 1134 3247 auxilia
1153 3196 1209 3249 ssbl

115 3265 288 3319 accersisset:
308 3272 336 3315 et
354 3280 416 3317 cusu
432 3266 613 3315 Romanorum
630 3264 734 3330 copias,
749 3278 823 3333 quae
848 3264 988 3332 suppetias
1007 3263 1119 3328 lcrreut,
1136 3266 1209 3318 acci·

115 3339 215 3397 risset,
234 3337 317 3396 clam,
336 3342 365 3384 et
381 3334 438 3386 illis
457 3335 566 3395 insciis,
590 3350 653 3384 cam
671 3332 866 3385 Theudericlso
885 3333 1035 3386 amicitiem
1054 3339 1205 3388 contraxis-

114 3416 162 3466 set,
194 3406 276 3475 Quae
295 3422 356 3457 cam
375 3405 432 3456 dux
449 3404 582 3457 Thraciae
610 3403 723 3465 etalii,
743 3404 909 3474 quicumque
928 3408 1208 3474 aliomauoruuspar-

115 3477 187 3531 tibus
210 3484 323 3539 starent,
336 3476 485 3537 vidissent,
502 3477 604 3527 veritos
623 3473 737 3527 iusidias
756 3475 791 3528 ad
809 3475 889 3526 illum
917 3476 1045 3530 accedere
1071 3485 1120 3528 aut
1142 3494 1207 3529 suas

116 3551 211 3619 copias
231 3548 290 3599 eius
316 3548 403 3615 copiis
430 3547 596 3615 coniungere
621 3561 700 3597 ausus
724 3562 781 3598 nou
798 3562 866 3597 csse.
902 3546 981 3600 Nunc
1000 3550 1080 3599 etism
1101 3547 1208 3603 sivelit

116 3633 172 3671 cum
195 3616 390 3669 Thcusdericho
409 3614 513 3673 Mum
532 3617 637 3677 tacere,
658 3630 687 3665 se
706 3616 835 3685 polliceri
854 3615 937 3681 haec,
962 3618 986 3668 si
1003 3615 1144 3670 victoriam
1162 3634 1207 3669 rc·

115 3688 249 3756 portarit,
266 3687 310 3738 illi
329 3687 472 3739 daturum:
494 3688 553 3739 suri
573 3685 664 3748 mille,
688 3687 794 3756 argenti
815 3687 996 3758 quadraginta
1014 3687 1101 3739 millia
1119 3685 1206 3737 libra·

117 3775 193 3822 rusa,
221 3767 252 3809 et
277 3756 397 3809 reditum
418 3757 511 3810 decem
531 3755 650 3807 suillium
670 3772 816 3809 aureorum
843 3768 871 3810 et
889 3768 1005 3826 nuptum
1025 3758 1068 3809 illi
1087 3757 1207 3808 colloca-

118 3835 206 3882 turum
226 3829 336 3895 Olybrii
356 3828 454 3887 liliam,
481 3835 530 3878 aut
552 3826 635 3876 sliam
653 3843 688 3877 ea
706 3828 907 3880 illustrioribus
924 3826 1090 3879 mulieribus
1107 3826 1207 3877 civita·
1227 3854 1230 3859 ·

116 3901 158 3951 tis.
195 3900 276 3970 Quae
295 3915 379 3968 quum
405 3898 537 3957 dixisset,
557 3898 703 3967 plerosque
721 3913 825 3960 eorum,
846 3900 895 3967 qui
917 3898 993 3949 missi
1011 3903 1098 3956 eraut,
1115 3895 1207 3965 digui-

117 3971 217 4023 usibus
239 3968 365 4028 ornavit,
393 3975 422 4017 ct
442 3967 499 4035 ipse
523 3967 626 4035 legatos
646 3968 722 4018 misit
743 3970 861 4037 primum
881 3965 993 4038 quidam
1008 3965 1226 4026 Philoxenum,-

118 4037 215 4093 ‹kinde
244 4042 329 4092 etiam
347 4038 499 4101 lulianum,
525 4038 548 4087 si
570 4054 624 4108 qus
647 4037 754 4092 ratione
773 4044 886 4109 possent
908 4052 971 4091 eum
995 4034 1139 4093 adduceres
1174 4041 1208 4088 ut

147 4144 307 4357 'prm
319 4141 467 4213 Eutropius
480 4154 532 4199 ete.
974 4140 1007 4193 16
