2909 4717
297 230 350 290 llil
624 284 627 293 ,
725 220 961 288 eminio.

295 378 607 435 binaeueucmasea
616 377 824 433 vindobonensi
835 394 975 448 superesse
985 376 1159 443 innotuisset,
1175 392 1247 430 anno
1265 387 1392 449 praete-

297 485 352 535 rito
372 481 471 544 edidit,
488 483 527 535 ita
546 484 687 535 annotavit
705 490 736 534 ut
753 481 824 535 nihil
842 483 916 553 quod
933 482 997 535 addi
1015 482 1102 551 possit
1119 480 1181 532 aliis
1199 481 1393 553 relinquent.

296 587 389 655 lpsum
407 586 570 655 grammatici
590 585 886 673 carmenlliobiensibus
905 584 1069 638 membranis
1084 585 1192 637 erudite
1213 592 1242 639 et
1258 583 1395 653 diligen-

297 695 341 745 tes
357 690 502 759 scriptum,
525 689 561 742 sb
584 688 690 743 editore
708 689 777 742 edeo
795 696 919 743 accurate
939 704 1095 760 expressum
1112 695 1162 752 est,
1180 695 1213 741 ut
1236 687 1284 740 vix
1308 686 1393 740 uuus

298 792 535 846 emendationibus
554 793 584 844 in
602 808 634 844 eo
652 792 726 844 locas
745 793 790 846 slt.

367 896 524 949 Perisieasis
541 895 627 948 editio
646 897 717 949 eirea
736 910 877 964 operarum
899 912 1002 950 errores
1019 896 1115 952 eadem
1137 895 1271 967 flagitiosa
1288 893 1395 964 negil-

298 1000 390 1070 gtntie
408 1005 501 1050 cua-ets
520 1005 562 1051 est
584 1015 638 1070 qua
660 974 782 1070 reliquae
805 1005 870 1068 post
886 999 1120 1064 Centacunenum,
1136 1006 1284 1068 antequam
1305 995 1394 1048 Cen-

299 1100 360 1171 gias
372 1100 471 1170 'operis
489 1116 578 1153 cusam
598 1104 629 1155 ln
647 1118 676 1155 se
692 1103 857 1171 susciperet3
874 1102 968 1156 inutili
985 1111 1015 1156 et
1031 1102 1123 1155 fallaci
1143 1109 1269 1170 typorum
1289 1099 1396 1169 splen·

299 1203 367 1256 dore
384 1210 503 1257 umiae.
528 1203 686 1275 Spbalmeta
698 1204 781 1258 innius
798 1203 904 1273 generis
921 1220 973 1275 ope
989 1194 1203 1258 Hoescbelianae
1218 1203 1395 1257 sustulimus

297 1308 434 1379 plurimu
451 1312 595 1373 testitum,
613 1319 645 1363 ut
660 1308 696 1362 de
709 1307 862 1362 minoribus
878 1317 999 1374 necem,
1018 1324 1096 1363 versu
1113 1310 1219 1376 integro
1239 1306 1288 1379 qui
1308 1308 1395 1360 exci-

300 1409 393 1479 derat3
415 1411 464 1463 sed
488 1413 522 1465 de
544 1411 588 1464 bis
608 1412 766 1483 singulatim
786 1426 896 1465 monere
917 1412 1054 1466 Bellerus
1080 1414 1176 1466 vetnit
1214 1410 1393 1482 Ubicunque

299 1515 385 1585 igitur
403 1514 537 1570 eiusmodi
556 1515 659 1569 mentio
677 1516 849 1579 Invenietur,
875 1515 904 1568 id
930 1524 1042 1586 propter
1058 1515 1223 1586 peculiarem
1240 1512 1392 1584 quendem

300 1621 435 1672 nationem
453 1620 554 1672 laetum
581 1628 640 1682 est,
665 1634 736 1689 quae
764 1626 855 1671 tamen
882 1618 995 1671 fortasse
1021 1633 1076 1669 aon
1095 1632 1201 1685 semper
1226 1616 1392 1686 apparebit:

226 1722 229 1731 '
300 1724 355 1777 bed
380 1720 533 1795 quemlibet
560 1702 653 1773 multis
680 1722 826 1785 correctis,
850 1719 972 1773 editione
1001 1722 1055 1773 iam
1079 1721 1136 1773 iere
1157 1717 1302 1782 absoluta,
1327 1721 1392 1774 vldl

300 1825 437 1897 «posadum
464 1838 521 1876 non
546 1821 631 1872 luisse
655 1824 859 1876 animadversa:
886 1821 1078 1895 quamobrem,
1108 1824 1205 1875 iterata
1231 1822 1392 1875 collatione

301 1926 421 1981 uliud
439 1924 592 1996 «laganum
608 1923 643 1975 de
661 1923 847 1993 legationibus
865 1926 965 1998 operis,
985 1930 1037 1982 ista
1051 1927 1123 1978 intes
1134 1923 1257 1978 addenda
1275 1932 1307 1978 et
1325 1942 1392 1979 eor·

301 2030 417 2100 sigenda
435 2026 575 2099 proposui.

371 2129 451 2201 Quse
468 2129 566 2184 Saldae
583 2132 700 2186 servavit
715 2147 772 2185 non
790 2131 882 2202 attigit
891 2130 1044 2200 Bellemss
1064 2135 1093 2185 in
1111 2132 1153 2186 his
1174 2148 1287 2205 quoqne
1312 2149 1388 2188 nun·

300 2235 377 2290 nulla
401 2237 519 2301 oomni„
550 2234 675 2291 Photium
705 2234 788 2299 dedi,
809 2244 872 2288 ate
895 2233 1019 2288 Bellero
1036 2234 1127 2288 editus
1147 2246 1204 2302 est3
1233 2238 1289 2291 nisi
1311 2235 1387 2309 quod
1425 2232 1426 2295 ζ

302 2341 332 2393 in
350 2339 432 2393 rebus
451 2353 521 2410 quse
539 2355 574 2393 ex
594 2339 709 2393 historia
727 2338 866 2409 pendent,
884 2339 971 2390 varlas
989 2337 1092 2390 Lnbbei
1105 2377 1114 2403 ‚
1128 2339 1213 2392 semel
1230 2348 1326 2392 autem
1343 2338 1388 2391 vel

300 2442 345 2497 bis
363 2459 437 2498 meas
455 2444 540 2514 ipsius
561 2443 765 2497 emendationes
793 2415 957 2512 receperim:
981 2441 1073 2511 plnres
1097 2442 1212 2494 sortasse
1229 2442 1307 2495 locos
1325 2450 1388 2494 ten·

301 2554 424 2611 taturus,
442 2548 497 2600 nisi
517 2547 585 2600 mibi
603 2553 740 2601 constant
755 2544 883 2600 Plautium
901 2545 931 2598 in
950 2543 1102 2598 scribendis
1120 2543 1281 2598 nominibus
1307 2561 1387 2614 saepe

301 2668 418 2715 emue5
440 2667 457 2703 a
483 2651 583 2721 quibus
611 2649 776 2720 corrigendis
799 2647 899 2701 editori
925 2647 1119 2702 abstinendum
1146 2654 1194 2702 est
1225 2648 1385 2712 versiones,

302 2756 377 2808 Porti
395 2770 451 2806 non
468 2767 569 2823 saepe,
586 2752 692 2806 schotti
710 2768 849 2822 nunquam
867 2754 980 2805 correxi.

372 2858 412 2909 Ex
422 2856 580 2924 hiseognita
594 2857 730 2909 editorum
748 2872 839 2926 opera,
854 2858 900 2909 vla
911 2874 979 2927 opus
989 2865 1030 2910 est
1042 2858 1187 2927 explicare,
1203 2870 1384 2928 quaeeunque

212 2968 215 2983 ⁴
303 2967 334 3017 in
353 2962 464 3014 scholiis
486 2961 587 3013 criticis
605 2960 702 3013 litteris
722 2964 752 3011 Β.
771 2967 800 3012 et
814 2960 846 3013 Ν.
865 2961 1086 3030 distinguuntur,
1103 2959 1310 3013 emendationes
1328 2975 1385 3009 esse

303 3082 375 3138 quac
394 3062 562 3125 Bellorum,
581 3079 678 3134 meque
698 3061 819 3115 habeant
836 3068 975 3116 auctores:
1007 3062 1165 3115 Classeuum
1189 3062 1292 3136 qulbus
1317 3060 1383 3112 duae

303 3169 413 3224 litterae
433 3168 472 3220 ct
492 3166 602 3219 additae
621 3173 693 3219 sunt.
720 3166 863 3236 Vulgatam
875 3162 979 3237 (vulg.)
996 3181 1055 3217 eam
1074 3166 1131 3219 dial
1152 3167 1300 3219 lectionem
1317 3176 1384 3235 quae

306 3271 342 3323 ab
362 3268 560 3323 Hoescbeliana
583 3269 705 3323 editione
735 3286 785 3340 per
803 3271 951 3322 Parisiuam
973 3279 1057 3341 atque
1081 3269 1213 3322 Venetam
1239 3272 1384 3340 propagate

305 3382 354 3427 est.
390 3362 507 3443 Quoties
528 3372 600 3426 nihil
616 3380 726 3441 praeter
743 3373 814 3425 illud
831 3377 909 3446 vulp,
920 3372 955 3424 ad
972 3375 1100 3426 reiectam
1120 3373 1266 3426 lectionem
1285 3369 1382 3422 adseri·

303 3476 395 3538 bitur,
413 3476 468 3531 noc
484 3477 682 3545 significamus:
701 3477 932 3541 emendationem,
950 3474 1153 3529 sivoliollerus
1170 3492 1227 3529 eam
1246 3494 1262 3526 a
1279 3490 1322 3526 me
1338 3473 1381 3523 in·

300 3581 424 3635 venisset
441 3582 616 3649 propositam,
633 3582 691 3632 sive
711 3596 769 3632 eam
785 3581 942 3649 concipere,
957 3588 989 3633 ut
997 3596 1078 3650 saepe
1097 3581 1145 3643 fit,
1163 3579 1266 3631 oblitus
1284 3590 1381 3634 estem,

304 3686 344 3738 ita
361 3684 532 3739 manifestam
550 3683 637 3735 videri
659 3691 690 3735 ut
709 3683 745 3735 ab
764 3700 931 3754 unoquoque
950 3698 1008 3734 non
1020 3681 1164 3735 admodum
1183 3683 1320 3735 incurioso
1336 3683 1380 3729 aot

303 3785 416 3842 indocto
434 3786 552 3839 inveniri
570 3785 690 3840 debu-ee
728 3786 811 3856 Signa
827 3784 848 3849 †
864 3794 894 3838 et
912 3788 951 3848 it,
968 3787 1083 3856 antiquo
1100 3801 1176 3838 more
1194 3786 1318 3846 reducto,
1333 3795 1380 3848 sp·

304 3891 385 3960 posui
402 3905 459 3959 quo
476 3888 624 3942 iudiearem
639 3890 728 3942 locum
742 3886 910 3959 oos‘ruptutn,
929 3889 974 3941 cui
988 3887 1124 3941 medendo
1133 3860 1303 3957 probabilem
1318 3896 1379 3934 eau-

304 3997 437 4047 ieeturam
458 3992 578 4049 viderem
598 3991 720 4055 nullam,
739 4009 795 4044 non
813 3989 973 4061 typothetae
991 3992 1059 4043 vitio
1078 3990 1216 4054 laborare,
1237 3988 1284 4040 sed
1301 3987 1377 4055 pinne

305 4098 344 4154 iu
368 4097 402 4149 ab
422 4097 585 4153 Haesehelio
613 4095 715 4171 editum
738 4113 804 4150 esse.
842 4100 879 4153 nc
908 4106 973 4150 suut
997 4106 1069 4150 certe
1092 4096 1171 4168 plura
1190 4111 1268 4167 quam
1287 4089 1376 4147 sellem
