2909 4717
262 143 347 255 390
704 167 916 232 meeum

112 328 250 398 Μὶδηλ
269 322 369 388 αέτοέΙ
391 320 448 386 καί
472 318 573 402 μένου
600 321 691 385 ἕνεκα
723 319 773 401 με’
799 322 950 403 χιλιέέας
975 324 1106 405 χρυσῶν
1135 325 1386 407 νομισμάτων,

111 401 433 527 ,ωήξέριῖοέπανῆκτκ
486 422 735 502 ἐμπεδωθέντισν
763 421 800 485 δέ
821 415 887 505 ῶρα
908 422 1146 487 τῶντοιούτων
1165 419 1332 508 Εῶσέβισς
1357 423 1382 491 ὃ

215 582 218 595 ,
264 518 441 607 στρατηγὸς
458 521 492 596 ἐς
512 520 691 599 Βυζάντιον
711 524 962 603 μεταστέλλεται.

176 639 261 710 Μή
347 621 399 687 ια’.
434 614 506 687 ’Ότι
535 616 575 704 δή
607 621 771 686 στέλλεται
801 620 881 687 κατὰ
910 619 969 705 τήν
992 623 1132 704 Περσῶν
1150 624 1264 709 χῶραν
1284 647 1380 709 πρε-

268 718 403 805 σβευτής
427 717 603 806 Τραῆνές,
623 720 740 795 ἐντοῖς
761 722 935 802 βασιλείοις
954 722 1093 807 πατράσι
1111 727 1210 787 τελῶν
1228 727 1287 789 κατ’
1307 721 1406 809 τὴνό

268 821 439 905 λεγομένην
457 822 516 884 τοῦ
536 822 750 903 Κοιαίστορος
770 822 889 885 διέπων
921 818 1044 904 ἀρχήν,
1071 819 1113 907 ήν
1132 817 1222 904 οἶμαι
1243 825 1282 888 ἐκ
1301 827 1379 889 τοῦ

260 922 427 1005 εἷναζητεῑν
447 909 511 984 ὧδε
530 918 683 1002 λελέχθαι
702 919 888 1001 Ῥωμαίοις.
929 916 1144 1005 ξυναπεστάλη
1159 923 1196 987 δέ
1216 924 1274 986 καί
1292 928 1376 988 Ζα-

258 1022 395 1105 χαρίας,
417 1009 457 1084 oi
476 1015 610 1103 ἔναγχος
622 1017 797 1104 ἐμνήσθην,
817 1021 871 1104 ἐφ’
890 1009 927 1109 ᾧ,
960 1021 992 1084 st
1017 1022 1077 1101 μέν
1103 1014 1192 1087 οἷοίτ’
1213 1018 1373 1102 ἔσονται,

260 1114 330 1201 ἅμα
360 1118 523 1201 έμπεβῶσι
551 1115 632 1183 sarri
663 1115 722 1202 τήν
748 1140 783 1182 τε
807 1113 890 1207 ἑῴαν
920 1121 977 1183 καί
1005 1116 1065 1203 τήν
1081 1120 1252 1204 Ἀρμενίαν
1272 1117 1373 1195 &nde

163 1220 362 1303 Ὑποότριῶν
389 1219 544 1282 ἐνιαυτῶν
572 1219 757 1303 ἐκεχειρίαν.
812 1220 847 1284 ἐν
868 1218 1007 1306 τοσούτῳ
1031 1221 1210 1297 ξυνέλθοιεν
1228 1221 1263 1299 ἐξ
1283 1217 1417 1288 {xa-ro

263 1318 359 1403 τέρας
378 1319 539 1392 πολιτείας
559 1317 595 1382 έν
613 1327 680 1392 τοῖς
709 1314 826 1401 ὁρίοις,
848 1319 882 1384 οἳ
902 1319 1094 1383 διαλύσοοσι
1112 1315 1151 1383 τῶ
1174 1320 1370 1405 α’μφίβολα,

260 1414 485 1501 βουλεῶσαιντό
506 1439 540 1482 τε
573 1416 629 1482 καί
658 1415 766 1505 τρόπῳ
787 1421 832 1506 τῷ
851 1415 1071 1502 καταθήσουσι
1090 1415 1129 1482 τῶ
1151 1412 1235 1482 ὅπλα
1255 1419 1289 1493 ἐς
1309 1421 1369 1483 τέ-

262 1523 350 1584 λεον·
391 1521 422 1582 εἰ
449 1521 485 1583 δέ
506 1543 542 1603 γε
570 1516 616 1605 μή
639 1514 722 1584 οὕτω
752 1521 956 1602 προχωροίη,
986 1527 1053 1593 τοῖς·
1072 1519 1151 1599 γοῦν
1171 1516 1252 1602 πρὸς
1271 1513 1369 1601 ήλισν

228 1618 400 1684 Βοίκοῦσιν
432 1616 491 1704 τήν
517 1615 645 1684 τοιῶνδε
671 1620 851 1701 έκεχειριαν
881 1621 978 1683 παντί
1018 1615 1124 1706 τρόπηι
1153 1613 1366 1703 κνήσασθαι.

261 1714 513 1802 παραγενόμενοι
533 1722 641 1785 τοίνυν
661 1715 692 1782 οἱ
719 1719 866 1803 πρέσβεις
887 1714 968 1802 πρὸς
986 1720 1122 1800 βασιλέα
1143 1717 1304 1801 Περσῶν,
1327 1719 1409 1791 derf-

261 1821 431 1903 ἐκκλησίαν
453 1841 489 1883 τε
515 1818 747 1900 καταστάντες,
777 1816 924 1901 ἐλεξῶτην
955 1816 1074 1890 τοιάδε.
1103 1852 1144 1868 ·-
1170 1821 1295 1883 πολλῶν
1324 1819 1364 1881 δέ

262 1920 471 2000 κεκινημένων
493 1915 611 2001 λόγιον,
642 1920 698 2001 καί
718 1922 783 1982 τῶν
802 1920 864 1999 μὲν
884 1920 1024 1999 Περσῶν
1039 1918 1240 2003 μακροτέραν
1260 1926 1364 1981 ποιεῖ-

261 2020 342 2079 σθαι
362 2015 421 2100 τήν
440 2012 566 2102 εἰρήνην
586 2015 741 2098 ἱεμένων,
766 2007 846 2100 ῶχρι
867 2018 903 2081 δὲ
923 2018 1015 2080 πέντε
1034 2017 1186 2081 ἐνιαυτῶν
1207 2020 1362 2099 βεβαιοῦν

261 2112 319 2198 τήν
340 2116 536 2200 ἐκεχειρίαν,
558 2119 622 2180 τῶν
644 2117 679 2179 δέ
695 2115 864 2196 Ῥωμαίων
877 2117 1079 2200 τριετηρίδας
1099 2109 1182 2180 εἶναι
1201 2116 1360 2197 βοολομέυ

259 2237 325 2279 νων
354 2212 412 2290 τοίς
442 2212 599 2296 σπονδὰς,
634 2216 722 2290 τέλος
750 2208 815 2279 οὔτ’
846 2213 986 2297 ἴσχυσαν
1018 2215 1048 2280 οἱ
1076 2216 1242 2300 πρέσβεις,
1267 2212 1400 2278 sartan

259 2315 485 2400 ἐπετέτραπτο,
517 2318 604 2403 σφοῖς
632 2313 830 2398 ποιήσασθαι
866 2314 926 2393 τὰς
953 2315 1139 2400 συνθήκας·
1181 2312 1237 2379 ἕπτ’
1265 2318 1359 2382 πέντε

260 2413 428 2491 ἐνιαυτούς
460 2408 541 2480 εἶναι
570 2412 758 2500 ἐρρωμένας
798 2413 971 2502 συνήρεσεν
1001 2408 1170 2504 ἇμφοτέρρ
1197 2412 1357 2503 πολιτείρ,

329 2587 354 2641 8.
374 2570 456 2636 οἷοίτ’
479 2582 512 2635 H.
530 2621 538 2647 ,
559 2583 619 2638 olor
638 2582 808 2657 (sie)ruig.'
866 2600 903 2636 ro.
925 2582 971 2653 ἐν]
989 2584 1027 2642 oie
1047 2582 1083 2637 ἂν
1107 2582 1229 2636 tuconi.
1248 2582 1277 2633 B.
1315 2598 1353 2633 rr.

268 2694 271 2699 .
329 2656 360 2707 at
376 2654 418 2717 N,
436 2649 453 2707 d
469 2655 540 2725 vulg.
615 2657 654 2709 16.
668 2657 700 2707 in
714 2656 839 2726 margine
850 2654 952 2707 codicis
965 2654 1133 2725 adscriptum
1150 2665 1201 2706 est:
1222 2649 1306 2717 Ζήτει
1324 2650 1358 2702 ἐν

329 2728 368 2795 spi
387 2728 456 2799 περλ
473 2725 666 2798 δημηγοριῶν.
739 2726 932 2780 αοοιλκαοοί.
950 2727 984 2780 u.
1054 2744 1096 2780 ar.
1114 2726 1165 2778 ἐπὶ
1188 2720 1354 2778 diminuti.

261 2878 405 2926 statutum.
444 2871 512 2926 Cum
531 2876 616 2943 igitur
634 2872 717 2925 huius
746 2876 788 2925 rei
811 2870 1003 2926 tantummodo
1031 2870 1243 2945 consequendae
1272 2867 1355 2935 gratia

262 2941 444 3012 quadraginta
472 2947 596 3015 quinque
622 2962 768 2997 aureorum
792 2944 880 2995 millia
905 2952 1094 3008 numerasset,
1119 2943 1212 2996 rediit.
1256 2942 1290 2994 Et
1310 2939 1353 2993 his

261 3016 403 3064 transactis
423 3016 558 3067 Eusebius
582 3014 638 3065 dux
656 3014 817 3082 Byzantium
835 3016 989 3065 arcessitur.

335 3101 373 3134 rr.
410 3084 532 3137 Mittitur
550 3084 652 3138 deinde
670 3088 699 3137 in
710 3086 849 3137 Persarum
859 3086 997 3154 regionem
1008 3083 1035 3135 le
1054 3090 1114 3134 atus
1126 3084 1272 3146 Traianus,
1284 3084 1353 3134 inter

262 3153 395 3221 patricios
406 3156 549 3224 ascriptus,
561 3158 608 3239 qui
618 3158 770 3228 quaestoris
784 3155 944 3223 magistratu
954 3102 1129 3223 sungedatur,
1146 3171 1227 3223 quern
1242 3172 1257 3204 a
1272 3169 1353 3225 qnae-

264 3220 350 3273 renrio
368 3238 383 3271 a
404 3225 530 3278 Romanis
553 3243 592 3278 uc
609 3227 716 3279 dictum
735 3243 794 3278 esse
814 3235 890 3295 puto.
927 3227 1026 3279 Missus
1044 3234 1087 3277 est
1105 3241 1285 3297 unaquoque
1306 3225 1353 3274 ta·

264 3291 383 3354 charius,
409 3296 488 3346 cuius
504 3305 585 3349 antea
603 3299 788 3358 meminimus,
814 3306 852 3361 ut,
872 3300 895 3348 si
915 3305 1042 3367 possent,
1064 3297 1147 3347 trium
1166 3311 1295 3347 annorum
1311 3295 1355 3344 in·

265 3361 359 3415 ducias
390 3380 440 3432 per
468 3366 610 3420 Orientem
631 3377 660 3421 et
675 3369 831 3422 Armeniam
851 3369 989 3431 iacerent,
1011 3367 1149 3436 tantisper
1170 3364 1235 3418 duro
1254 3366 1299 3416 atii
1317 3380 1350 3417 ex

263 3441 382 3505 utroque
401 3452 484 3503 regno
507 3438 656 3491 infinibus
680 3442 877 3501 convenirent,
902 3441 951 3508 qui
975 3439 1171 3491 controversias
1197 3436 1351 3489 dirimerent

264 3513 293 3556 et
311 3504 456 3557 consilium
474 3505 624 3572 haberent,
645 3527 700 3580 qua
718 3513 826 3562 ratione
844 3510 873 3561 iu
891 3518 1054 3579 perpetuum
1073 3525 1147 3559 arma
1171 3505 1349 3576 deponerent:

263 3578 287 3629 si
305 3575 358 3628 hoc
379 3576 688 3643 urininre'succederet,
713 3581 842 3634 induciae
859 3582 956 3635 saltem
975 3580 1046 3633 tanti
1072 3577 1203 3649 temporis
1228 3575 1350 3647 probis,

265 3647 315 3717 qui
337 3644 371 3697 ad
393 3646 535 3700 Orientem
553 3650 695 3714 incolunt,
719 3652 795 3703 omni
817 3653 923 3704 ratione
942 3652 1109 3704 obtinerent.
1147 3650 1239 3717 Legati
1257 3645 1351 3699 obiad

264 3735 356 3787 regern
374 3719 513 3769 Persarum
538 3729 724 3786 accesserunt,
743 3724 772 3773 in
790 3724 949 3774 concionem
966 3722 1056 3775 vocati
1079 3720 1148 3772 haec
1166 3718 1300 3770 dixerunt
1318 3744 1351 3758 -

260 3789 358 3840 Multis
377 3788 450 3841 uitro
468 3790 593 3860 citroque
612 3794 702 3844 motis·
712 3792 884 3846 sermonibus
907 3795 1004 3846 Persae
1023 3794 1053 3844 in
1069 3789 1290 3863 quinquennium
1306 3788 1349 3839 in-

262 3857 371 3922 ducias,
398 3859 512 3912 Romani
538 3877 588 3931 per
610 3865 761 3915 triennium
788 3873 895 3915 tantum
920 3865 1012 3916 valere
1039 3862 1177 3915 volebant
1220 3862 1347 3912 Postremo

260 3929 345 3997 iegati
364 3930 565 3995 Romanorum,
590 3935 660 3987 sicut
679 3935 747 4003 ipsis
765 3934 924 3987 mandatum
944 3943 1017 3996 erat,
1041 3933 1071 3984 in
1089 3949 1122 3984 co
1148 3949 1205 3984 non
1229 3930 1350 4000 perstite-

261 4006 341 4059 runt,
363 4010 396 4051 ut
414 4004 497 4053 trium
516 4020 651 4061 annorum
672 4005 800 4057 induciae
820 4008 936 4068 θνρεοῖς
954 4004 1002 4057 sed
1021 4007 1051 4057 in
1072 4004 1291 4074 quinquennium
1307 4001 1347 4051 in·
1437 4026 1438 4029 ¹

260 4068 356 4123 ducias
372 4086 434 4125 esse
451 4072 557 4141 piacuit
580 4075 691 4147 utrique
716 4077 824 4130 civitati
847 4074 1038 4130 tantummodo
1058 4092 1109 4145 per
1133 4074 1288 4135 Orientem,
1313 4069 1347 4124 ab
