2909 4717
285 144 372 249 584
562 171 731 240 emnem
766 168 907 233 aaran
934 167 1071 233 noran

254 379 259 390 .
366 319 976 410 Pag·18.C:[474,16.]ALeonefilrh
997 324 1147 384 Zenonem
1156 334 1283 406 potrum
1304 322 1386 384 Im-

277 421 447 496 peratorem
465 421 649 467 coronanon.
691 405 823 468 Videudi
841 405 1020 466 Theodorus
1043 406 1171 484 Lector,
1195 406 1380 488 Theopha-

282 512 353 567 nes,
374 487 587 568 Marcellinus,
607 489 776 571 Euagrius,
800 487 972 549 Chronicon
992 488 1228 549 Alexandrinum
1248 532 1259 566 ,
1287 490 1380 550 Pro-

215 595 220 608 ·
281 577 386 655 copiua
405 571 460 633 lib.
483 593 511 632 1.
536 570 674 632 debello
698 569 870 644 Vandalis,
885 571 995 654 aliique
1015 572 1134 652 passim.
1176 571 1288 632 Unum
1316 573 1376 633 hic

281 666 380 717 tacere
403 676 465 716 nou
488 654 785 736 possum,Victorem
807 655 1043 714 Tuununensem
1065 657 1097 714 io
1115 653 1270 715 Chronico
1283 654 1378 715 affin

177 739 181 758 '
282 759 376 816 mm,
395 738 528 799 Leonem
547 736 796 799 illumluoiorem
813 736 852 797 ad
867 758 971 797 necem
986 758 1004 796 a
1019 737 1140 797 Zenone
1159 748 1247 820 patre
1268 758 1373 818 quac·

265 824 389 898 situm,
403 821 442 881 ab
455 820 590 881 Ariadna
605 830 700 880 matre
721 831 873 882 servatum
896 819 1007 880 finisse:
1030 820 1151 895 Alcime,
1173 822 1288 902 inquit,
1304 841 1374 905 pro

281 926 317 965 eo
330 906 391 966 etus
412 924 493 965 uror
515 904 640 964 similem
657 924 782 987 proernm
806 903 851 963 od
868 917 988 964 utonem
1013 903 1132 973 omnir,
1174 917 1204 964 et
1231 903 1371 963 bonan

280 987 403 1049 endem
430 986 591 1068 Auginum
612 986 720 1047 occulte
739 986 880 1061 totondit,
905 1007 1024 1069 erunqroe
1049 985 1186 1044 clericion
1214 987 1301 1046 neuin
1317 1008 1371 1052 ec·

281 1070 386 1130 clerice
404 1067 566 1151 CRsecit.
612 1069 675 1153 Qui
686 1068 747 1130 Leo
770 1090 858 1153 usque
878 1069 922 1128 od
935 1070 1099 1166 'Imtinmru'
1118 1069 1270 1166 punciprs
1290 1083 1368 1128 tenr-

276 1148 1367 1319 tutatioitlttrltl'tissldtlitiitlihp‘d't‘lejtt

281 1314 353 1380 huic
372 1318 491 1381 fabulae
507 1316 598 1399 'plura
610 1318 699 1377 etiam
719 1315 759 1378 de
773 1338 829 1379 suo
853 1314 979 1377 addidit.

364 1400 442 1483 Peg.
456 1397 502 1461 18.
522 1399 563 1459 D.
577 1395 666 1482 [475,
681 1395 728 1481 r.]
750 1398 781 1459 A
793 1399 907 1460 Ver-rim
927 1399 1061 1482 deceptio
1072 1398 1189 1461 Zenon.
1231 1399 1363 1460 Causam

281 1480 363 1544 illius
388 1484 420 1542 in
446 1485 597 1545 Zenonem
619 1480 681 1541 odii
701 1482 818 1544 Auctor
839 1480 980 1542 Chronici
1001 1478 1090 1541 Alex.
1121 1480 1201 1544 hanc
1220 1482 1362 1565 profert,

279 1561 364 1647 quod
385 1567 468 1626 Zeno
485 1586 606 1627 socrum
624 1565 725 1625 nescio
748 1565 821 1647 qnid
843 1575 994 1646 petentem
1022 1561 1178 1645 repulerit.
1221 1564 1361 1626 Alteram

281 1660 430 1710 memorat
450 1647 620 1720 Candidus,
654 1647 737 1729 quod
766 1649 797 1709 in
821 1647 987 1709 Patricium
1016 1648 1193 1728 Magistrum
1221 1647 1361 1709 derivare

281 1730 373 1792 vellet
389 1732 505 1813 imperii
524 1731 711 1813 dignitatem,
729 1752 790 1812 qua
807 1751 860 1814 spe
874 1731 1032 1801 frustrata,
1050 1728 1226 1790 Basiliscum
1237 1731 1362 1791 liaucm

282 1811 499 1896 Imperatorem
520 1815 711 1876 renuntiarit.
752 1812 847 1875 Plura
861 1811 1074 1895 Theophanes,
1091 1812 1269 1895 Procopius,
1280 1815 1361 1895 Aga·

280 1894 379 1974 thias,
416 1897 545 1974 Suidas,
581 1895 754 1978 Euagrius,
781 1896 959 1957 Theodorus
985 1896 1117 1970 Lector,
1148 1895 1358 1974 Marcellinus,

281 1978 409 2058 Victor,
430 1981 609 2062 Anonymas
624 1990 694 2062 post
713 1979 909 2040 Ammiauum
930 1977 1046 2056 editus,
1068 1977 1200 2059 aliique,
1221 2000 1300 2061 quos
1311 1979 1359 2040 hic

281 2061 444 2123 conciliare
483 2073 537 2124 aut
568 2063 733 2122 exscribere
748 2083 809 2123 non
831 2074 876 2124 est
893 2062 1022 2123 animans.
1063 2061 1179 2121 Graeca
1197 2062 1357 2123 sicdistin·

279 2162 364 2228 guez
397 2143 453 2205 noi
481 2141 523 2215 ὦς
542 2142 665 2223 Bnot‘vo
697 2141 802 2206 ἐλπίδι
831 2143 887 2206 τοῦ
911 2141 1113 2224 succuditur
1134 2143 1300 2222 flcrocnris
1318 2143 1360 2230 τᾷ

279 2224 442 2368 μδιαῖίστρῳ
477 2220 533 2285 xci
560 2218 872 2309 pertitinaciter,
901 2222 955 2289 τὸν
974 2219 1120 2308 γαμβρόν
1139 2223 1239 2309 αὐτῆς
1257 2204 1357 2311 phyo-

303 2326 337 2367 ev
361 2329 433 2368 ooo.

340 2329 442 2474 oPeg.
457 2389 711 2536 ι8.1).[475,4.(]ὲ
730 2394 777 2456 Dc
794 2392 917 2479 Nepote,
935 2391 1049 2470 Oreste,
1068 2390 1191 2477 filioque
1217 2393 1282 2454 eius
1296 2392 1358 2454 Aa·

333 2473 413 2550 mlo,
434 2477 496 2536 sire
517 2475 661 2550 Romulo,
713 2497 800 2537 raece
815 2477 896 2559 apud
912 2475 1129 2558 Theophanem
1146 2487 1177 2537 et
1196 2475 1358 2558 Euagrium

277 2493 458 2642 Themin,
475 2558 566 2638 (unde
581 2557 714 2641 vulgaris
732 2560 770 2621 de
786 2558 933 2644 Momyllo
953 2560 1064 2620 erroris
1085 2560 1357 2645 arigesemanaviti

160 2641 168 2658 ‘
282 2651 408 2701 nonest
428 2641 510 2723 quod
538 2640 624 2725 plura
647 2643 714 2724 quis
740 2663 759 2702 a
785 2662 834 2703 me
857 2653 1005 2724 exspectet
1028 2644 1060 2702 in
1091 2662 1124 2702 re
1148 2642 1281 2702 contrita
1308 2641 1357 2702 eui

283 2722 556 2808 καθημαξευμέιῃ.
595 2723 642 2786 Ex
667 2724 883 2786 recentioribus
908 2725 946 2786 dc
977 2723 1026 2785 his
1055 2724 1178 2785 consule
1197 2724 1357 2786 llcnricum

184 2800 210 2854 P·
230 2816 376 2888 rotatque
397 2807 585 2867 Hadrianum
608 2805 767 2885 Valesius,
786 2829 841 2890 par
861 2807 987 2868 fratrum
1003 2807 1258 2887 eruditissimum,
1281 2807 1357 2868 hunc

153 2935 156 2940 .
284 2886 363 2949 libro
385 2887 414 2951 5.
433 2888 543 2951 Rerum
568 2891 803 2967 Francicarum,
824 2888 913 2950 illum
936 2893 969 2952 in
997 2893 1077 2950 uotis
1101 2889 1141 2952 ud
1161 2889 1357 2972 fragmentum

281 2970 437 3053 Anonymi
459 2993 493 3033 ex
513 2971 631 3034 schedis
652 2974 689 3037 R.
711 2974 750 3032 Ρ.
774 2971 875 3034 locohi
901 2971 1054 3035 Sirmondi
1071 2982 1141 3054 post
1163 2972 1357 3034 Ammianum

279 3053 493 3115 Marcellinum
508 3054 650 3138 evulgati.
694 3055 848 3116 Cohadem
871 3077 906 3117 ac
931 3056 1085 3117 Zenonem
1104 3056 1238 3136 imperiis
1253 3051 1356 3138 spolia·

280 3143 329 3198 tos
341 3157 375 3196 ea
386 3157 578 3218 recuperasse
596 3137 736 3200 observat
751 3137 990 3221 postAgathiam
1004 3136 1140 3219 aliosque
1149 3138 1356 3199 Constantinus

280 3213 433 3278 Manasses
446 3241 515 3302 pag.
525 3221 577 3282 60.
600 3220 671 3289 edit.
689 3223 799 3302 regiae.
842 3220 948 3284 Solum
970 3222 1119 3304 Nepotem
1135 3221 1286 3283 deiectum
1299 3223 1356 3284 fos·

278 3306 353 3359 tuna
370 3300 506 3382 benignis
527 3301 621 3364 oculis
637 3326 701 3366 non
720 3304 858 3385 respexit

362 3381 654 3467 Pog.19.rl.[475,
674 3384 740 3469 rm]
763 3383 1187 3462 ArmctmssireArmott'm,
1210 3388 1272 3468 (cui
1294 3390 1355 3451 roci

278 3475 371 3540 sunt,
431 3471 463 3525 ui
498 3467 709 3547 aspirationem
740 3470 905 3553 praefigant
915 3475 936 3549 ,l
967 3492 1030 3531 non
1064 3471 1184 3550 ignotus
1216 3472 1276 3532 erit
1301 3474 1354 3548 iis,

323 3547 332 3608 i
368 3487 525 3610 Mdlchum
561 3549 853 3634 Philadelphiensem
881 3574 951 3636 pag.
976 3552 1028 3637 94.
1062 3552 1202 3614 editionis
1234 3556 1352 3636 regine,

277 3569 390 3693 §auidae
405 3633 554 3713 Excerpta
569 3653 633 3716 pag.
651 3635 702 3710 34.
719 3635 852 3696 eiusdem
868 3638 1016 3711 editionis,
1040 3634 1213 3696 Chronicon
1229 3637 1354 3698 Alexan·

278 3713 414 3789 dunum,
439 3716 622 3798 Procopium
639 3715 691 3778 lib.
706 3738 734 3777 1.
751 3718 912 3780 Vandalic.
928 3763 937 3797 ,
954 3718 1172 3799 Theophanem
1189 3720 1354 3802 similesque

277 3800 437 3879 scriptores
464 3800 612 3881 linquenti
634 3796 762 3860 lectione
786 3801 946 3863 familiares
965 3801 1021 3861 sihi
1042 3801 1178 3860 feceriut.
1222 3802 1354 3864 Malchos

275 3901 313 3941 ac
327 3880 433 3943 Suidas
450 3882 672 3944 interfectorem
689 3881 809 3943 Armati
827 3883 1006 3966 Onulphum
1019 3885 1082 3945 sive
1103 3883 1280 3967 Onuolpliio
1301 3908 1353 3946 nc

274 3963 394 4026 minant
430 3965 617 4047 eundemque
646 3965 811 4026 barbarum
843 3987 879 4027 ac
906 3987 1015 4050 genere
1042 3965 1237 4050 Thuringum
1270 3969 1350 4030 frume

278 4053 440 4109 tarentin.
483 4048 588 4133 Neque
606 4069 680 4111 vero
695 4048 837 4114 Armatus
856 4049 907 4112 hic
926 4049 1006 4114 idem
1025 4047 1145 4120 ridetur
1166 4071 1239 4114 curn
1263 4050 1348 4115 altero
