2909 4717
306 227 431 290 xxxiv
689 217 744 279 ns
772 210 999 279 aarscnno.
1102 182 1104 186 ’

308 377 467 461 Evangelii
487 373 563 438 adeo
582 375 697 435 sincere
716 369 870 453 amplexus
890 377 954 442 est,
976 376 1012 426 ut
1036 363 1075 424 ad
1089 360 1183 425 libros
1196 357 1325 420 Veteris
1336 357 1413 418 Te-

308 478 449 543 stamenti
470 474 700 536 commentarios
726 468 949 545 conscriberet,
985 465 1126 545 aperitis
1155 457 1309 520 iudicibus
1333 476 1410 516 non

307 575 499 639 mediocriter
512 573 661 634 laudatos.
686 571 843 632 Summam
856 569 936 628 vitae
949 564 1176 627 sanctimoniam
1189 606 1198 633 ,
1225 575 1410 637 moresque

310 678 498 751 mitissimos,
519 672 705 755 praedicavit
725 670 789 729 eius
810 665 974 748 discipulus
995 664 1170 739 Choricius,
1197 660 1248 741 qui
1277 656 1410 716 desun-

311 787 395 837 ctum
432 773 593 849 landavit3
636 768 724 851 longe
746 770 810 849 ipse
830 765 952 827 inferior
971 765 1136 846 magistro:
1168 778 1278 828 suum,
1318 775 1407 815 cum

309 877 420 937 amoris
439 872 567 949 affectu,
591 879 678 932 vocat
699 867 837 946 Aeneas,
858 887 877 926 a
898 886 959 947 quo
988 862 1105 924 laudari
1125 856 1192 942 plus
1212 867 1290 917 erat.
1339 853 1406 914 Ad

307 974 446 1035 ultimam
465 981 646 1034 senectutem
667 968 775 1028 vixisse
794 967 985 1047 perspicuum
1004 973 1068 1039 est,
1097 978 1211 1041 quum,
1240 956 1295 1037 qui
1323 954 1404 1035 ipso

306 1072 417 1134 saeculi
430 1074 487 1133 Vl.
507 1072 593 1133 initio
614 1066 764 1129 Anastasii
783 1064 886 1126 laudes
906 1063 1042 1140 dixerat,
1068 1059 1148 1120 idern
1168 1054 1313 1117 monodia
1337 1073 1401 1113 ae-

305 1172 376 1233 dem
400 1173 433 1233 S.
462 1171 592 1253 Sophiae
624 1175 828 1228 terraemotu
856 1161 1018 1244 collapsam
1046 1156 1200 1219 defleverit
1208 1157 1271 1235 ⁵⁵),
1307 1172 1402 1234 quac

304 1271 395 1332 ruina
423 1292 452 1331 a.
475 1270 546 1352 557.
576 1267 695 1329 accidit.
736 1261 886 1347 Epistulas
913 1262 1032 1343 scripsit
1052 1256 1214 1340 plurimas,
1248 1272 1397 1336 quarum

288 1371 424 1432 ‘nonnisi
444 1390 514 1453 pars
535 1367 616 1429 edita
637 1377 692 1429 est.

386 1536 434 1595 De
453 1531 692 1610 PRISCIANO,
726 1532 794 1593 viro
834 1540 920 1614 grata
952 1523 1140 1589 saeculorum
1160 1518 1308 1581 memoria
1330 1535 1393 1576 co-

302 1633 413 1715 lendo,
447 1635 533 1694 cuius
561 1633 744 1716 panegyrico
770 1629 870 1691 locum
891 1632 970 1691 inter
990 1628 1119 1686 Graecos
1147 1621 1298 1701 assignare
1320 1636 1392 1676 non

304 1732 461 1812 dubitavi,
482 1733 605 1794 omnino
624 1731 712 1792 silere
732 1751 825 1813 quam
839 1728 941 1811 paucis
960 1745 1047 1807 agere
1066 1722 1188 1782 fortasse
1202 1725 1390 1799 praestaret.

303 1832 540 1909 Vemmtamen,
560 1830 696 1913 praebita
707 1831 885 1906 occasione,
907 1848 924 1887 a
938 1846 988 1887 me
1002 1826 1161 1904 impetrare
1174 1836 1290 1899 nequeo
1304 1816 1388 1896 quin

302 1951 368 2009 rem
387 1940 418 1989 et
436 1949 570 2007 novam,
592 1939 627 1987 ut
646 1929 775 2009 opinor,
797 1938 828 1988 et
846 1946 951 1986 veram
971 1924 1117 1984 indicem:
1140 1917 1251 1979 scilicet
1269 1916 1389 1975 Caesa·

302 2047 403 2100 rmm,
442 2025 523 2101 unde
554 2023 599 2084 illi
626 2045 661 2085 ex
688 2025 804 2106 origine
831 2042 997 2104 cognomen
1018 2019 1156 2082 additum
1175 2027 1236 2093 est,
1258 2014 1386 2075 Africae

303 2112 449 2205 oppidum
468 2143 532 2184 esse
552 2122 670 2201 videri,
690 2143 709 2182 a
729 2142 791 2204 quo
804 2120 988 2185 Manitania
997 2118 1195 2180 Caesariensis
1214 2115 1294 2174 dicta
1311 2124 1382 2191 est3

301 2244 364 2282 non
392 2242 488 2282 unum
521 2242 557 2282 ex
593 2219 672 2294 illis,
702 2218 791 2281 claris
828 2230 929 2298 certe,
949 2238 1026 2301 quae
1056 2216 1088 2278 in
1118 2215 1192 2275 Asia
1210 2211 1378 2283 exstabant.

301 2321 379 2382 Novi
399 2321 538 2404 equidem
551 2321 703 2381 Ammiani
723 2330 755 2382 et
766 2318 924 2380 Claudiani
941 2314 1095 2398 exempla,
1115 2314 1274 2375 hominum
1282 2313 1382 2374 Grae-

201 2430 204 2449 *
300 2441 405 2481 corum
422 2422 475 2502 qui
492 2419 606 2481 litteras
614 2420 738 2480 Latinas
751 2417 907 2501 splendide
928 2416 1137 2494 illustrarunt;
1159 2434 1257 2496 neque
1268 2433 1380 2495 negare

301 2522 463 2581 sustineam
491 2519 555 2582 fieri
584 2519 716 2602 potuisse
739 2528 775 2579 ut
801 2523 908 2579 testius
940 2515 1049 2599 aliquis
1076 2516 1209 2575 Graecus
1230 2534 1261 2574 sc
1279 2523 1380 2574 totum

303 2620 342 2679 ad
362 2621 463 2680 Latini
484 2618 630 2680 sermonis
642 2629 736 2679 artem
750 2617 918 2679 conferret:
940 2625 1064 2699 apparet
1077 2625 1178 2675 tamen
1190 2611 1278 2695 longe
1288 2609 1379 2673 aliam

302 2717 395 2778 fuisse
422 2739 525 2778 rerum
556 2719 619 2779 vim
643 2717 700 2778 sub
729 2717 900 2778 Theodosio
928 2718 973 2776 M.
995 2716 1119 2797 eiusque
1139 2712 1232 2791 liliis,
1253 2710 1378 2774 florente

302 2814 401 2876 adbuc
421 2827 523 2877 vetere
543 2817 658 2895 Roma,
679 2826 772 2898 atque
788 2827 910 2876 centum
930 2815 1017 2876 annis
1034 2824 1122 2897 post,
1145 2811 1233 2873 Italia
1252 2812 1281 2871 in
1300 2810 1372 2872 bar-

301 2913 446 2976 barorum
471 2915 646 2976 servitutem
676 2914 817 2991 redactm
841 2915 985 2996 nulloque
1011 2913 1054 2975 ibi
1084 2911 1251 2973 litterarum
1271 2911 1376 2973 studiis

301 3017 456 3095 proposito
479 3015 629 3095 praemio,
652 3035 748 3096 quum
765 3017 796 3074 in
814 3015 948 3075 Orientis
963 3012 1134 3096 regionibus
1149 3012 1185 3073 iis
1196 3013 1248 3093 qui
1262 3010 1373 3073 Graeca

301 3111 405 3195 lingua
426 3113 537 3194 ingenii
559 3114 723 3195 specimina
746 3113 941 3189 exhiberent,
962 3111 1057 3196 gloria
1082 3123 1113 3172 et
1140 3110 1294 3171 commoda
1321 3131 1373 3171 ce-

302 3211 418 3273 derent.
459 3212 648 3273 Priscianum
670 3212 700 3273 in
722 3213 925 3275 Grammatico
946 3232 1038 3294 opere
1059 3212 1293 3293 quotiescunque
1311 3210 1373 3271 La-

301 3315 382 3373 tinos
417 3313 541 3372 Graccis
565 3312 709 3394 opponit,
736 3333 849 3394 ponere
882 3313 931 3371 illi
954 3314 996 3373 sic
1021 3345 1062 3357 -
1079 3331 1131 3372 nos
1157 3310 1291 3390 (Latini)
1310 3312 1366 3385 εἰσ,

302 3409 415 3492 ubique
452 3410 608 3472 videmus:
642 3414 675 3471 in
702 3412 883 3495 panegyrico
915 3413 1088 3494 praecipuas
1122 3409 1280 3470 Anastasio
1304 3407 1368 3470 lau-

301 3507 356 3570 des
386 3510 454 3570 inde
482 3509 588 3571 tribuit
608 3510 690 3592 quod
710 3532 743 3571 se
761 3512 904 3572 adversm
936 3509 1126 3572 occidentalis
1155 3510 1275 3590 lmpen'i
1293 3511 1368 3571 cives

302 3629 319 3668 e
352 3610 449 3689 patria
484 3610 628 3691 profugos
659 3609 837 3671 munificum
864 3610 1027 3693 praebeat:
1056 3609 1088 3670 id
1115 3609 1198 3692 quod
1223 3607 1366 3690 sophistae

302 3708 418 3767 Graeco
441 3711 490 3767 vix
523 3705 700 3790 placuisset3
733 3711 794 3768 iam
823 3729 895 3770 vero
924 3709 1023 3790 potius
1051 3707 1090 3769 de
1109 3730 1164 3770 sua
1183 3709 1273 3789 ipsius
1291 3718 1366 3769 sorte

300 3807 446 3890 cogitasse
465 3809 660 3889 scriptorem,
682 3829 800 3869 censeo.
814 3842 857 3856 ·-
868 3810 973 3887 Quum
985 3808 1178 3870 Anastasium
1192 3806 1362 3888 laudaverit,

318 3956 654 4106 ⁵⁵'{²i1’1.‘¹,l5¹il²f²⁶.
671 3953 1361 4098 {lumtuitttttpltlttttll‘:

371 4108 406 4145 rn
423 4096 655 4167 coniungendam,
673 4095 793 4151 nondum
810 4097 874 4151 vidi.
