2909 4717
299 222 419 286 mu
525 218 579 279 DE
606 212 824 280 nacturus
851 211 1132 281 mutuorum.

299 383 391 455 atque
410 369 591 446 inelencho,
612 370 666 450 qui
682 368 710 429 ei
731 366 898 442 subiicitur,
920 367 959 429 de
979 367 1091 429 Setiris
1110 387 1275 450 equorum
1300 368 1407 432 libris

299 470 418 553 eclogas
446 469 484 531 de
508 467 707 552 legationibus
729 466 924 528 Hoeschelius
946 467 1059 542 edidit,
1082 469 1194 529 omittit
1212 469 1408 552 Dexippum

301 581 332 633 et
357 571 541 650 Eunapium.
567 586 571 595 ⁸
592 566 711 627 Scilicet
731 588 766 627 ex
795 566 843 627 his
863 565 941 626 nihil
961 569 992 626 in
1013 577 1130 627 tomum
1151 566 1333 655 eclogarum
1357 568 1406 632 de

301 666 499 751 legationibus
513 662 720 727 Romanorum
742 665 781 726 ad
803 676 904 748 gentes
925 663 1043 727 illatum
1063 676 1139 728 erat.

384 767 441 827 Ilis
461 767 599 847 expositis
619 787 682 826 non
702 786 778 847 opus
805 766 862 824 erit
882 762 1020 846 pluribus
1039 765 1139 825 verbis
1158 764 1311 847 probare,
1338 787 1403 848 ge-

302 869 419 928 minum
437 865 527 926 fuisse
540 865 710 949 eclogarum
727 863 765 925 de
786 863 984 946 legationibus
997 863 1130 942 titulum,
1150 885 1282 946 quorum
1296 863 1402 942 alter,

303 967 436 1029 xxvll.
460 948 482 1026 e
503 985 698 1025 numerorum
718 964 843 1042 ordine,
877 966 992 1045 integer
1019 984 1089 1023 cum
1118 963 1306 1045 praefatione
1337 984 1402 1023 ex-

304 1077 383 1143 stat,
405 1065 528 1127 alterius
540 1065 684 1147 praefatio
706 1064 809 1140 abest,
830 1085 891 1144 qua
923 1065 1030 1124 amissa
1051 1065 1114 1123 eius
1134 1083 1279 1123 numerus
1301 1063 1401 1144 igno-

302 1177 414 1244 ratur3
449 1186 539 1248 quem
558 1176 657 1225 tamen
679 1173 733 1223 aut
751 1162 865 1222 XXVI.
887 1173 940 1222 aut
958 1162 1106 1223 XXVIII.
1129 1163 1219 1222 fuisse
1241 1163 1324 1222 ratio
1346 1162 1399 1223 rei

305 1267 402 1347 cogit:
425 1265 566 1347 denique,
588 1285 665 1346 quae
683 1284 717 1323 ex
737 1272 867 1344 utroque
883 1271 1045 1343 supersunt
1060 1265 1092 1321 iu
1106 1260 1269 1322 Sebottano
1283 1261 1400 1325 codice

305 1366 466 1425 coniuncta
480 1365 633 1424 exstitisse.
665 1364 730 1423 Iam
744 1382 817 1422 vero
837 1361 1016 1442 perspicitur
1035 1382 1095 1441 qua
1115 1365 1231 1422 ratione
1250 1363 1398 1423 evenerit

305 1473 342 1523 ut
355 1466 445 1524 etiam
458 1461 677 1545 inPolybianis
689 1460 838 1543 plurimae
849 1457 970 1541 ‘eclogae
981 1479 1017 1518 ex
1037 1478 1140 1518 earum
1161 1480 1289 1520 numero
1311 1482 1397 1543 quas

305 1560 437 1623 Ursinus
458 1561 551 1621 edidit
570 1582 589 1620 a
604 1559 748 1621 Bavarico
772 1559 871 1619 absint
885 1559 940 1637 Β7);
963 1558 1062 1639 agitur
1081 1560 1161 1617 enirn
1181 1558 1224 1618 ibi
1246 1559 1285 1619 de
1306 1557 1398 1642 lega-

305 1661 439 1723 tionibus
459 1682 535 1743 quas
556 1659 685 1721 Romani
711 1661 871 1719 miserant:
895 1656 1052 1739 idemque,
1081 1658 1107 1717 si
1131 1659 1198 1738 quis
1218 1657 1257 1718 de
1277 1658 1398 1720 Dionis

307 1758 501 1842 A'ppianique
514 1759 623 1840 eclogis
635 1769 771 1839 quaeret,
784 1757 918 1818 inveniat
929 1777 1047 1816 necesse
1061 1767 1113 1817 est.
1139 1757 1242 1839 Itaque
1255 1777 1398 1838 arepre·

307 1856 452 1919 hensione
472 1855 619 1916 liberatur
639 1877 773 1917 summus
786 1855 1003 1931 casaubonus,
1023 1857 1088 1937 qul,
1109 1877 1202 1937 quum
1222 1857 1254 1915 in
1275 1854 1396 1917 biblio·

306 1955 396 2016 theca
414 1955 534 2014 'I'huani
554 1954 686 2035 primum
717 1953 826 2013 harum
848 1952 1017 2034 eclogarum
1039 1964 1156 2014 tomum
1175 1966 1289 2016 exstare
1314 1957 1395 2016 scri-

306 2053 418 2130 beret,
445 2073 507 2134 quo
527 2062 627 2111 tamen
648 2072 752 2111 earum
773 2072 850 2133 quae
871 2073 888 2111 e
912 2051 1041 2134 Polybio
1059 2056 1169 2135 petitae
1191 2054 1251 2113 sint
1268 2057 1395 2115 nonnisi

308 2173 378 2234 pars
399 2154 602 2211 contineretur
609 2151 661 2228 ⁵⁸),
673 2150 796 2209 minIme
811 2148 942 2211 errabat.
986 2148 1033 2210 Ac
1046 2151 1110 2211 lieri
1130 2162 1228 2233 potest
1247 2163 1281 2212 ut
1293 2175 1392 2234 quum

310 2250 362 2311 alii
391 2250 595 2327 Theodosium
625 2244 680 2310 adv
706 2241 841 2327 μικρὸν,
865 2249 998 2310 Ursinus
1023 2260 1124 2310 autem
1146 2252 1289 2312 Ioannem
1309 2252 1393 2313 Con-

232 2400 234 2406 ,
309 2347 634 2430 stantinopolitanum,
657 2348 735 2409 hanc
756 2346 963 2409 collectionem
984 2350 1178 2411 concinnasse
1198 2349 1390 2430 tradiderint,

310 2448 391 2511 illius
412 2448 509 2509 labori
529 2448 692 2531 legationes
712 2448 751 2508 ad
771 2448 943 2525 Romanos,
964 2446 1055 2509 huius
1074 2448 1180 2510 titulus
1201 2450 1334 2510 XXVII.
1357 2452 1390 2511 in
1423 2496 1424 2499 η

311 2550 464 2610 codicibus
492 2548 626 2609 tributus
648 2549 698 2609 sit.
740 2548 857 2609 Vereor
891 2558 992 2608 tamen
1020 2548 1117 2621 node
1146 2549 1315 2610 Theodosio
1336 2548 1389 2611 illo

311 2669 396 2708 error
417 2651 482 2725 sit,
503 2669 597 2728 quum
615 2640 784 2719 Θεοδόσιος
805 2640 822 2705 ὅ
832 2640 946 2727 μικρὸς
972 2647 1095 2708 Graecis
1105 2648 1275 2730 Byzantinis
1288 2647 1389 2710 Theo-

310 2745 430 2809 dosium
452 2748 601 2808 Minorem
622 2747 837 2829 Imperatorem
858 2745 1013 2829 significet.

393 2847 441 2907 Ut
461 2847 558 2906 omnis
579 2847 611 2906 in
631 2857 786 2928 posterum
804 2845 926 2906 errandi
945 2847 1060 2906 occasio
1071 2844 1207 2923 tollatur,
1230 2857 1388 2930 utramque

311 2944 538 3024 collectionem,
560 2967 614 3026 per
632 2945 765 3028 singulos
789 2957 925 3005 auctores
946 2945 1093 3024 dlvisam,
1113 2967 1168 3006 suo
1192 2947 1330 3028 inscripto
1345 2948 1386 3007 ti·

310 3043 400 3118 tulo,
424 3042 561 3104 distinxi:
586 3042 668 3105 velut
687 3066 718 3125 p.
740 3064 808 3103 121.
832 3054 862 3103 et
887 3044 968 3121 135„
995 3044 1064 3127 139.
1086 3055 1116 3104 et
1143 3043 1210 3105 166.

394 3144 500 3225 Itaque
520 3164 582 3203 non
602 3154 686 3217 tres,
710 3142 762 3203 sed
791 3153 922 3225 quatuor
945 3163 962 3202 e
988 3141 1177 3203 collectaneis
1203 3141 1384 3205 Constantini

310 3238 565 3324 Porphyrogeniti
580 3241 724 3301 babemus
737 3240 859 3316 titulos,
873 3251 1031 3322 postquam
1051 3238 1096 3302 ill.
1107 3242 1226 3319 Maius,
1246 3243 1277 3301 in
1291 3238 1384 3301 lucem

309 3336 427 3420 prolata
453 3342 581 3401 maxima
606 3340 686 3400 tituli
708 3340 747 3401 de
769 3340 921 3400 sententiis
946 3350 1049 3420 parte,
1083 3340 1301 3402 immortalibus
1323 3343 1383 3404 suis

305 3434 350 3496 'de
370 3458 404 3498 re
424 3436 570 3499 litteraria
589 3438 711 3520 publica
732 3438 846 3499 meritis
868 3436 1024 3498 cumulum
1043 3439 1164 3501 adiecit.

327 3568 498 3709 55)pEapnxrpI
509 3585 652 3623 recensum
667 3571 783 3640 praebet
799 3569 946 3641 SchweIgh.
963 3568 1031 3624 ibid.
1045 3588 1072 3642 p.
1087 3570 1194 3626 xxvu.
1264 3570 1306 3644 58)
1316 3569 1380 3627 uic

377 3762 401 3817 t

699 3830 1007 3849 m
