2909 4717
333 215 376 276 ru
404 212 589 278 arnonas
617 212 911 281 oururronoar.
1084 181 1167 271 565

6 425 9 444 ,
75 365 137 428 lud
159 365 254 428 modo
273 386 335 426 non
351 366 513 444 omiserim,
532 365 727 429 simulacrum
746 366 822 428 illud
840 358 1018 444 &tantam
1038 368 1169 450 positum

6 473 7 476 ¹
75 450 179 512 luisse
208 470 269 509 non
289 448 321 508 iu
350 448 461 510 linibus
480 452 688 526 Bruttiorum,
718 451 770 512 sed
791 453 823 511 in
843 452 908 533 ipso
929 452 1046 511 Siciliae
1066 451 1168 512 littore

6 593 8 604 ,
77 534 168 593 iuxta
178 534 358 603 Messanam,
381 544 417 592 ut
437 555 515 615 quae
532 534 570 593 de
582 534 736 615 asclepio,
757 533 837 594 illius
852 542 999 606 eversore,
1012 555 1079 593 mos
1101 534 1168 595 snb·

6 617 7 628 ¹
76 615 149 694 dit,
180 615 308 697 planum
335 615 460 676 faciunt.
503 617 579 676 Cum
606 638 679 678 vero
706 616 878 699 Asclepius,
914 638 1003 700 quern
1025 615 1169 678 Aescula-

78 701 172 780 pium
204 699 303 760 reddit
323 699 493 780 interpres,
523 704 741 781 possessionum
762 701 930 761 Constantii
960 717 990 759 et
1020 697 1169 762 Placidiae

78 781 180 842 fuerit
201 803 255 862 per
274 780 407 842 Siciliam
415 783 620 856 Procurator,
643 804 763 844 necesse
782 795 827 844 est
847 785 1032 844 eversionem
1054 791 1170 843 statuas

77 863 167 926 iltius
189 886 253 924 non
273 866 429 947 contigisse
449 877 520 926 ante
541 888 654 926 annum
677 867 827 926 Dominici
848 864 965 928 Natalis
987 864 1059 946 417.

168 947 250 1028 Pag.
268 946 299 1007 6.
313 948 354 1006 Ι).
372 946 459 1030 [453,
477 946 540 1031 14]
565 950 731 1020 Gemmas,
755 950 827 1008 belli
836 948 913 1021 ders,
927 948 1110 1019 Martinam,
1118 946 1176 1031 st-

76 1031 156 1090 lr‘rrm
173 1052 270 1105 saum,
286 1030 440 1090 Caesarem
460 1033 615 1092 remediat.
658 1034 795 1092 Zosimus
814 1032 898 1091 initio
918 1030 987 1091 libri
1009 1030 1081 1091 sexti
1105 1050 1171 1092 me·

77 1114 178 1174 minit
196 1111 286 1173 hauns
298 1113 434 1174 Gerontil
455 1135 524 1174 cum
544 1118 603 1176 ait:
628 1116 794 1175 Iustiniana
816 1126 846 1175 et
864 1114 1021 1195 Nevigaste
1041 1112 1169 1173 ducibus

78 1217 98 1256 a
109 1196 193 1258 Saro
207 1194 382 1273 intersectis,
403 1195 567 1257 suffectosa
580 1197 777 1258 Constantino
797 1208 926 1281 tyranno
941 1195 1168 1269 Edobincbum,

77 1280 212 1338 natione
229 1278 393 1353 Francum,
416 1290 446 1340 et
460 1282 653 1356 Gerontium,
675 1301 708 1339 er
723 1282 879 1341 Britannia
898 1280 1074 1352 oriundum,
1094 1300 1171 1360 quos

79 1364 206 1422 veritus
223 1361 314 1420 Sarus
336 1362 375 1422 ab
396 1361 553 1422 obsidione
566 1362 725 1424 Valentiae
746 1366 912 1425 recesserit.
952 1362 1091 1422 Eundem
1107 1363 1170 1422 Ge·

77 1446 225 1505 rontium
253 1443 355 1520 addit,
388 1443 553 1505 conciliatis
582 1445 639 1505 sibi
668 1445 814 1506 militibus
840 1446 976 1506 barbaris
997 1448 1028 1504 in
1049 1447 1170 1525 regione

79 1525 269 1604 Celtarum,
294 1527 437 1587 adversus
455 1527 662 1588 Constantium
686 1528 882 1590 delectimem
902 1527 1039 1588 molitum
1066 1526 1167 1588 luisse.

81 1609 220 1686 Cetera,
241 1630 318 1690 quae
338 1610 377 1669 ad
398 1612 581 1685 Maximum,
602 1633 663 1670 non
683 1615 748 1672 eius
770 1612 883 1684 lilium,
904 1622 939 1670 ut
959 1612 1049 1671 vertit
1072 1611 1170 1670 loter-

102 1713 155 1752 res
178 1689 300 1752 delusus
320 1693 461 1774 ambigua
480 1714 554 1754 voce
575 1691 697 1769 παῖδα,
717 1694 770 1755 sed
790 1693 955 1769 famulum,
978 1705 1030 1754 aut
1050 1714 1068 1752 e
1088 1694 1171 1753 fami·

78 1714 219 1836 liaribus
238 1796 333 1836 unum
345 1819 356 1850 ,
385 1776 415 1834 in
444 1775 551 1837 ordine
577 1780 640 1837 sive
659 1776 762 1837 schola
784 1776 1014 1838 domesticorum
1038 1775 1171 1836 militan-

81 1868 174 1934 tem,
202 1867 232 1917 et
262 1857 301 1918 ad
330 1879 505 1940 generosam
527 1859 663 1920 Gerontii
692 1881 761 1920 cum
784 1881 877 1920 uxore
907 1859 1083 1919 Nonnecbia
1107 1860 1171 1919 sive

79 1940 242 2008 Nunicbia
268 1951 299 2000 et
319 1939 419 2001 blano
450 1941 582 2024 quodam
614 1941 709 2003 milite
729 1952 857 2003 mortem
877 1943 1047 2023 pertinent,
1068 1952 1171 2002 mutu·

81 2023 169 2082 anda
202 2023 314 2083 suadeo
340 2045 375 2083 ex
399 2023 509 2085 Orosio
528 2026 625 2105 capite
643 2027 810 2108 penultimo
834 2024 903 2085 libri
926 2046 978 2107 7.,
1006 2046 1041 2085 er
1063 2024 1171 2085 lienati

82 2104 248 2167 Profuturi
269 2107 418 2187 Frigeridi
439 2108 624 2190 liagmento,
644 2129 680 2168 er
701 2107 854 2169 Miscellae
873 2107 1015 2168 historiae
1030 2104 1169 2187 librorri.

83 2187 235 2332 abnepos,
256 2189 365 2272 quibus
391 2189 480 2271 longe
512 2192 639 2250 certiora
670 2201 700 2250 et
721 2191 863 2251 uberiora
884 2192 1000 2272 scripsit
1020 2191 1160 2251 Sozorne-
1168 2191 1250 2266 294

81 2291 145 2333 nus
179 2272 221 2332 ib.
234 2294 265 2354 9.
286 2293 353 2351 cap.
374 2275 419 2334 13.
448 2284 479 2334 et
499 2274 663 2334 narrationi
686 2272 898 2357 Olympiodori
918 2274 1012 2355 magis
1034 2272 1147 2333 affuria.

171 2354 250 2436 Pag.
267 2353 299 2415 6.
310 2357 348 2421 D.
371 2354 458 2438 [dib
469 2354 538 2439 aa]
563 2357 766 2417 Comtantinus
775 2358 897 2418 Arelate
906 2358 1031 2418 mseras
1044 2356 1088 2415 ad
1101 2370 1169 2416 tens-

80 2438 172 2522 plion
193 2439 508 2519 eorfirgiemracenlos
534 2440 699 2500 ordinatur.
750 2438 943 2499 Marcellinus
965 2440 997 2497 in
1017 2438 1169 2499 Chronico

86 2521 302 2582 Constantium
317 2522 398 2602 apud
410 2521 579 2595 Arelatem,
601 2521 697 2581 filium
710 2542 785 2582 vero
806 2525 869 2582 eius
880 2517 1073 2580 Constantem
1087 2521 1169 2601 apud

83 2603 240 2664 Viennam
269 2606 366 2685 capite
399 2603 519 2684 plexum
551 2607 667 2665 asserit.
710 2605 798 2681 Quae
825 2623 844 2663 e
869 2602 1015 2663 diametro
1034 2614 1170 2684 puguant
1217 2635 1221 2650 ·

83 2707 158 2747 cnm
181 2688 228 2759 iis,
251 2707 328 2768 quac
349 2686 587 2769 olympiodorus
607 2695 730 2761 narrat,
752 2686 863 2766 cuique
890 2681 1051 2769 σνγχρόνῳ
1074 2686 1170 2746 maior

82 2768 172 2832 baud
192 2769 284 2830 dubie
302 2769 384 2856 fida,
404 2769 563 2845 habenda,
584 2791 675 2850 quam
696 2767 753 2844 illi,
777 2770 829 2850 qui
854 2779 974 2827 centum
994 2777 1063 2847 post
1082 2769 1170 2828 annis
1206 2803 1212 2812 .

83 2853 220 2935 scripsit.
263 2852 377 2912 ldatius
402 2854 434 2912 in
453 2852 571 2913 Fastis:
606 2852 791 2911 Corratarrtr’rrr'
815 2853 939 2929 ζγιηηηί
966 2851 999 2909 r'rr
1021 2863 1170 2910 mamea-

79 2950 137 3018 ραι
159 2936 363 3014 allancnssar‘t
388 2934 436 2995 16.
468 2935 541 2994 Kal.
570 2933 701 3006 octob,
741 2933 905 2993 Theodosio
918 2930 997 3012 Aug.
1014 2931 1078 2990 IV.
1092 2932 1170 2993 Corr-

83 3019 169 3095 sule,
200 3017 252 3077 sed
290 3016 389 3077 locum
411 3016 595 3097 modumque
623 3016 705 3076 necis
724 3036 786 3075 nou
813 3017 919 3097 aperit.
963 3014 997 3074 ln
1020 3014 1171 3077 Chronico

83 3100 168 3161 intra
189 3099 304 3160 Gallias
323 3099 455 3160 occisum
489 3110 635 3160 memorat
663 3097 703 3159 ab
727 3099 855 3158 Honorii
877 3098 954 3157 duce
974 3096 1170 3178 Constantio,

85 3196 211 3265 captum
231 3183 330 3244 dicere
352 3182 507 3243 debuerat.
550 3184 680 3262 Propius
701 3202 764 3241 rem
787 3183 884 3262 attigit
903 3181 1034 3261 Prosper
1055 3182 1086 3239 in
1109 3180 1171 3243 Fa·

86 3269 161 3328 stis:
186 3267 389 3328 Comtarctriurs
408 3288 468 3349 per
488 3265 622 3326 Honorr'i
639 3266 726 3325 darem
744 3264 980 3335 Commeruisse,
1004 3262 1077 3345 (lege
1093 3264 1172 3325 Con·

86 3351 260 3426 aarum)
276 3364 305 3409 et
331 3348 374 3410 Ul
392 3349 484 3408 helam
507 3349 591 3432 apra!
609 3346 781 3408 Arelaterne
797 3347 938 3430 oppidum
954 3348 1048 3407 varas
1067 3359 1096 3407 et
1118 3369 1171 3407 ca-

84 3444 230 3514 pareest,
247 3433 326 3492 aare
382 3432 640 3493 macomariam
659 3433 691 3490 r'rr
712 3429 774 3490 His
841 3432 866 3489 'a
886 3430 1012 3511 regnare
1032 3451 1171 3490 exorrwrr

88 3515 249 3574 Gemmas
271 3515 392 3587 Ooures,
424 3516 457 3574 r‘rr
480 3514 652 3574 Marinum
672 3535 728 3597 que
778 3535 829 3572 sarr
843 3513 1030 3591 tyrwmr'dem
1044 3513 1171 3591 transfe-

89 3617 169 3670 rens,
192 3597 385 3658 interemerat.
427 3598 562 3658 Renatns
581 3596 757 3676 Frigeridus
768 3597 1001 3670 Constantinum
1020 3594 1104 3653 bunc
1122 3617 1172 3654 su-
1276 3599 1279 3603 ⁴

84 3698 148 3761 pra
163 3675 445 3761 ll11'acr'wnslrmien,
470 3681 608 3740 immissis
628 3702 646 3739 a
659 3680 802 3760 Principe
819 3675 1054 3760 percussoribus,
1075 3679 1172 3755 eapite

88 3771 264 3821 murcatum
293 3762 469 3841 profitetur,
497 3761 652 3844 multaque
693 3760 752 3822 alia
781 3761 883 3822 subdit
905 3760 1023 3820 Lectori
1054 3761 1172 3818 curioso

90 3864 155 3903 ¹¹⁰⁰
174 3841 375 4006 ll'iiiuii'n.
388 3923 471 4008 [454
484 3924 529 4008 4.]
553 3927 697 4006 agano..
710 3948 786 3988 aar.
824 3922 1026 3986 zosimusttb.
1042 3921 1074 3982 s.
1096 3939 1172 4004 qua-

89 4019 162 4069 tuor
182 4009 358 4104 nominatim
374 4008 507 4088 designat
527 4031 561 4069 ex
583 4009 747 4068 Theodosii
762 4009 864 4103 Magni
884 4004 998 4103 lamllia
1013 4007 1173 4149 Hispanias

90 4112 146 4174 pm
173 4093 311 4156 Honorio
336 4090 481 4153 adversus
510 4092 705 4154 &astantem
739 4089 872 4152 collectis
899 4099 1009 4180 raptim
1028 4110 1070 4150 mr
1083 4089 1174 4154 rtrbus
