2909 4717
296 119 390 202 520'
735 139 936 206 Prisciani
1001 143 1032 216 ·,

293 303 335 365 Et
356 305 469 362 Romae
490 320 591 362 caecos
612 298 771 381 rapiendas
790 299 880 360 traxit
903 298 941 358 ad
955 321 1057 374 arces,
1124 327 1128 334 ’

294 403 437 462 Vindicta
456 412 489 462 nt
506 410 630 481 pereant
652 399 776 474 merita,
800 398 957 479 lucernqae
973 397 1160 484 relinquant.

234 569 235 576 ἵ
297 503 409 562 Tristia
430 523 499 559 nam
518 519 621 558 rursus
636 501 789 578 cupientes
810 498 924 558 damna
943 501 1068 575 reste,

298 601 340 664 Et
356 601 449 664 Latiis
473 598 569 658 molto
589 598 687 676 regnis
699 597 806 684 peiora
824 598 990 672 minantes,

298 698 448 779 Principis
465 698 567 757 invicti
582 697 651 758 seiix
674 684 940 772 exercitamentis,

298 799 507 879 Ductoresque
532 797 590 856 nde
611 820 667 858 nec
687 818 749 857 non
774 796 887 856 virtute
903 807 1054 877 potentes,

300 896 452 956 Omnibus
469 895 611 957 adficiunt
631 917 733 957 caesos
745 896 948 978 profugosque
969 898 1081 972 ruinis,

299 996 377 1056 Cum
399 995 525 1056 ducibus
552 996 670 1057 sceleris
691 995 872 1057 ducentibus
888 996 1024 1076 improba
1043 1000 1141 1079 signa.

383 1096 427 1156 Ut
446 1097 511 1173 leo,
529 1098 581 1178 qai
599 1118 727 1179 regnans
741 1095 817 1156 silva
832 1096 1006 1157 dominatur
1026 1100 1057 1156 in
1077 1097 1162 1174 alta,

300 1197 361 1262 Per
383 1197 497 1278 Libyae
519 1196 629 1272 sabas,
652 1197 708 1256 nisi
728 1191 840 1258 nobilis
864 1196 910 1256 ira
931 1193 1070 1270 beasset,

303 1298 373 1357 Non
396 1307 496 1356 movet
517 1319 618 1369 arma,
642 1318 712 1356 suas
732 1297 866 1357 stimulat
879 1317 935 1356 nec
955 1297 1078 1357 verbam
1098 1297 1205 1373 vires3

303 1396 346 1456 At
364 1397 387 1455 si
401 1406 589 1454 commoveat
608 1393 745 1473 elamor,
766 1397 791 1456 si
814 1395 905 1456 turba
926 1417 1078 1472 coronae,

304 1495 443 1556 infremit
457 1495 665 1576 horrendum
686 1495 777 1556 simul
800 1507 829 1556 et
848 1497 992 1556 distendit
1003 1496 1104 1556 bintus

303 1596 480 1677 sanguineis
495 1607 638 1676 torquens
651 1595 788 1657 ardentia
810 1594 926 1656 lumina
945 1595 1092 1671 iterumn,

280 1695 346 1755 'Et
368 1695 429 1754 ruit
450 1695 480 1753 in
501 1695 651 1768 medium,
676 1706 867 1777 prosternens
889 1717 974 1756 arma
994 1696 1165 1776 uirosqueq¹

304 1795 368 1854 Nec
390 1793 518 1856 visulla
539 1805 636 1874 potest
660 1798 793 1856 venienti
824 1795 968 1856 obsistere
989 1807 1118 1868 oontm3

305 1893 438 1974 Impetus
457 1893 511 1953 bos
535 1893 646 1975 frangit
657 1941 666 1976 ‚
689 1894 791 1976 pulsos
814 1894 869 1955 hos
888 1896 991 1954 emetit
1012 1896 1142 1976 unguis,

304 1993 382 2052 Pars
404 1991 532 2052 lacerata
554 1996 653 2053 iacent
666 1994 780 2054 inimici
806 1994 947 2054 dentibus
965 1995 1049 2066 oris3

306 2090 371 2150 Hos
393 2101 489 2150 metus
507 2095 655 2152 exanimat
670 2105 829 2174 pereuntes
850 2091 975 2154 vulnere
992 2090 1098 2154 nullo:

306 2188 430 2250 Viribus
448 2191 603 2272 Augustus
621 2192 663 2251 sic
680 2214 785 2252 saevos
804 2193 933 2273 perculit
954 2193 1081 2269 hostes,

305 2290 367 2352 Per
387 2291 487 2350 varios
505 2302 640 2352 sternens
655 2275 741 2351 casus
760 2312 822 2352 non
840 2291 932 2353 fanda
945 2292 1086 2353 forentes.

307 2390 433 2448 Graecia
455 2390 513 2450 iam
530 2401 626 2451 taceat
641 2391 755 2451 iactans
773 2390 848 2451 mihi
866 2389 1141 2473 Bellerophonten,

306 2489 368 2566 Qui
383 2491 455 2548 vicit
476 2488 629 2571 Solymos,
650 2502 685 2550 ut
707 2512 812 2552 rursus
835 2490 915 2552 bella
931 2502 1100 2552 moverent.

306 2589 351 2650 At
370 2588 461 2649 semel
481 2589 537 2649 hot
556 2589 699 2650 dominus
724 2602 827 2651 noster
851 2589 990 2652 felicibus
1011 2594 1101 2651 armis

307 2688 357 2749 Sic
373 2690 511 2766 domuit,
536 2700 602 2769 post
622 2688 698 2749 haec
721 2709 760 2750 ne
780 2692 893 2770 possint
906 2711 971 2751 esse
987 2689 1136 2771 rebelles3

307 2789 398 2867 Quod
414 2809 468 2850 nee
485 2788 645 2848 ductorum
661 2789 807 2850 Servilius
822 2792 955 2870 optimus
970 2789 1061 2861 olim,

307 2887 371 2947 Pro
393 2889 499 2947 merito
515 2886 639 2948 laudum
660 2892 709 2947 cui
729 2909 841 2948 nomen
862 2888 1011 2949 Isauricus
1027 2889 1080 2950 illo

309 2989 407 3046 Marte
425 2987 527 3046 datum
553 2985 671 3064 fiicrat,
692 2988 792 3070 potnit
809 2999 962 3069 praestare
987 2989 1113 3050 Latinis,

392 3084 461 3143 Non
489 3065 707 3165 illusorium,
730 3108 794 3146 non
814 3087 881 3161 vis,
899 3107 962 3147 non
983 3090 1068 3169 copia
1096 3087 1196 3170 ferri,

309 3182 373 3242 Nec
395 3183 515 3244 castella
536 3186 659 3267 quidem
681 3187 850 3268 praeruptis
872 3186 967 3246 ardna
985 3190 1084 3265 saxis,

309 3281 376 3342 Nae
392 3292 493 3342 tantae
508 3285 616 3346 validis
635 3288 771 3347 munitae
791 3286 948 3348 moenibus
967 3286 1077 3362 urbes,

309 3383 447 3459 Quantas
465 3403 525 3441 non
541 3383 621 3444 ullus
640 3388 793 3447 victorum
812 3397 931 3468 ceperat
949 3396 1040 3460 ante,

307 3481 413 3543 Eritiis
432 3484 554 3561 rapiunt
575 3483 673 3564 dignis
700 3498 732 3547 et
749 3487 893 3568 principis
917 3490 972 3547 ira.

308 3581 351 3648 Et
370 3583 422 3663 qui
443 3602 497 3661 spe
520 3579 599 3642 ssnxa
621 3584 757 3646 frustrati
780 3587 1070 3658 commanebant,

310 3680 363 3743 Nil
386 3683 457 3741 satis
475 3701 538 3740 esse
559 3680 616 3739 sibi
637 3682 797 3746 credentes·
816 3685 877 3745 teia
894 3686 1066 3764 movendo,

311 3780 457 3840 Cautibus
472 3781 605 3862 angustis
627 3781 760 3841 concha}
782 3784 843 3845 fata
865 3784 1025 3846 trabebant

311 3877 509 3960 Peioremque
534 3881 643 3940 samem
663 3879 778 3942 modali
800 3895 898 3946 morte
919 3882 1071 3960 tulerunt,

382 3994 425 4059 δῇ.
445 3997 635 4070 Ductoresque
657 3996 714 4051 eod.
