2909 4717
175 662 656 757 PHILIPPI
713 660 1077 756 LABBEI

72 848 242 924 NOTAE
272 846 565 926 HLSTORIGAE
592 846 656 920 ΕΤ
690 845 1153 923 ANIMADVERSIONEs

415 1003 826 1066 1uncnooas

79 1114 84 1123 ’
161 1152 456 1223 onsurlooom
484 1150 688 1232 nassau,
709 1150 882 1216 canoros
903 1150 1066 1244 usum,

593 1288 636 1331 BT

363 1379 635 1446 amoenius
656 1380 863 1444 orzanrn.
920 1377 928 1392 ·
1046 1458 1050 1464 ⁴

491 1524 747 1542 m

255 1713 258 1720 Δ
317 1684 396 1760 nx
444 1683 905 1798 onunerouoao.

156 1835 232 1919 Pag.
258 1837 288 1898 3.
311 1836 354 1898 A·
374 1836 423 1900 ed.
448 1836 524 1900 Par.
555 1835 657 1921 [Mb
688 1835 729 1919 n]
763 1836 997 1921 olympiodorus
1024 1836 1074 1899 bic
1093 1843 1232 1902 no-Mt

68 1930 133 1981 ster
171 1922 293 1984 natione
320 1920 509 2004 Aegyptius,
542 1922 639 2003 patria
670 1919 854 1998 Thebaeus,
881 1920 1026 2002 religione
1052 1914 1247 2003 genti-Voss

39 2045 43 2056 .
68 2001 141 2079 lis,
174 2003 358 2084 professione
391 2006 507 2086 po'e’ta,
548 2023 611 2063 non
645 2013 707 2063 tam
745 2001 885 2063 omnibus
923 2006 984 2065 suis
1016 2010 1148 2069 numeris

68 2083 241 2145 absolutam
267 2084 446 2160 historiam,
601 2084 799 2146 collectorum
831 2084 1028 2147 tumultuaria
1056 2107 1148 2169 opem

67 2169 356 2227 commentariorum
375 2167 468 2229 libros
508 2188 617 2228 nosue
636 2168 762 2249 viginti,
790 2156 869 2246 ὕλην
884 2170 1060 2250 inscriptos,
1091 2191 1147 2251 po-

66 2250 199 2310 steritati
215 2250 358 2330 reliquit;
380 2271 500 2311 exorsus
519 2248 559 2309 ab
579 2269 658 2310 enno
679 2249 831 2309 Dominici
852 2249 967 2314 Natalis
980 2250 1063 2333 407„
1085 2274 1146 2334 quo

67 2329 199 2392 Honorii
213 2331 341 2414 Augusti
353 2333 426 2393 vll.
448 2330 587 2394 Consulis
604 2331 718 2414 collega
743 2331 800 2392 suit
820 2331 1008 2394 Theodosius
1030 2335 1147 2414 lunior,

65 2432 103 2472 er
124 2413 216 2475 fratre
232 2414 363 2476 Arcadio
383 2434 498 2497 nepos,
519 2434 615 2496 usque
635 2413 674 2473 ad
688 2433 802 2474 annum
821 2411 909 2492 ῷά,
931 2436 993 2498 qno
1009 2416 1147 2479 Valenti·

65 2497 186 2570 nianns,
206 2499 271 2557 eins
289 2498 419 2557 nominis
430 2497 549 2573 tertius,
570 2495 741 2556 exCaesare
753 2496 920 2576 Imperator
939 2499 1023 2560 iussu
1042 2509 1146 2579 pann-

64 2576 120 2638 elis
154 2581 201 2639 sui
220 2578 434 2640 TheodosiiA
476 2579 535 2638 usti
556 2580 669 2638 Romae
696 2580 885 2638 renuntiatus
910 2589 965 2639 est.
1009 2580 1145 2643 Zosimus

65 2660 193 2737 Comes,
205 2681 275 2722 ⁴uem
299 2601 635 2742 ignobilisuiustorirnm
660 2658 713 2725 lib.
736 2659 766 2720 5.
790 2680 822 2741 p.
837 2658 910 2721 803.
925 2659 1064 2724 editionis
1077 2663 1145 2744 syl-

63 2739 247 2824 borgiauae,
268 2744 403 2804 meminit
424 2741 634 2824 Olympiodori
655 2740 807 2818 Thebani,
827 2759 890 2821 quo
909 2741 957 2819 fit,
982 2754 1016 2803 ut
1035 2746 1144 2806 merito

62 2825 209 2905 arfflendi
230 2827 312 2898 sint,
334 2827 387 2907 qui
407 2824 626 2905 Olympiodoro
646 2821 801 2883 Zosimum
814 2826 1022 2903 praemittunt.
1043 2826 1143 2889 Huius

62 2908 158 2967 verba
179 2929 214 2968 eo
237 2906 379 2969 libentius
400 2908 555 2979 exscribo,
578 2905 661 2986 quod
680 2908 731 2965 vix
751 2905 806 2965 ulli
827 2904 911 2965 alteri
932 2927 967 2967 er
987 2909 1142 2989 antiquis,

61 2990 88 3048 si
108 3011 128 3049 a
148 2988 262 3052 Photio
276 2989 454 3050 patriarcha
476 2988 657 3063 discesseris,
678 2990 765 3049 cuius
783 2987 951 3048 incredibili
971 2988 1142 3070 diligentiae

61 3067 154 3132 huius
173 3072 361 3154 aliorumque
381 3071 531 3154 plurium,
561 3071 614 3151 qui
642 3071 753 3132 iniuria
772 3081 945 3150 temporum
965 3072 1141 3153 perierunt,

60 3151 210 3236 Excerpta
231 3154 400 3231 debemus,
421 3164 511 3215 nonis
528 3152 619 3213 fuisse
639 3153 798 3213 videntum·
825 3151 876 3215 Ἐν
896 3151 931 3214 δὲ
950 3151 988 3235 τῇ
1007 3144 1141 3250 ‘Pspddv-

60 3253 112 3317 sp,
131 3234 324 3336 μητρόπολις
344 3231 579 3313 δὲΦλαμινίας,
599 3227 689 3307 πόλις
708 3231 838 3315 ἀρχαία,
860 3231 1028 3296 Θεσσάλων
1046 3256 1140 3297 auos-

62 3336 128 3392 κος,
148 3315 248 3399 ‘qu
268 3318 420 3396 κληθεῖσα
446 3311 499 3378 dui
519 3312 554 3377 τό
575 3309 777 3395 πανταχόθεν
796 3309 894 3378 ὕδασι
903 3313 1136 3417 περιῤῥεῐσθαι,

61 3397 116 3459 καί
146 3391 209 3478 οὔχ
238 3396 282 3472 ὥς
302 3391 558 3480 Ὀλυμπιόδωρος
577 3395 595 3458 ὅ
618 3392 760 3478 Θηβαῖός
780 3418 859 3479 φησι
880 3393 934 3460 διὰ
957 3422 992 3462 το
1010 3392 1139 3479 ,Ῥῶμον

59 3490 119 3541 etc.
162 3482 213 3541 Ab
240 3482 297 3542 hoc
317 3503 391 3544 vero
411 3493 516 3544 nostro
535 3482 672 3542 diversus
692 3484 817 3542 omnino
840 3481 899 3542 t’nit
932 3492 998 3544 tum
1028 3484 1137 3565 Olym-

59 3563 203 3642 piodorus
223 3562 449 3646 Philosophus,
470 3586 560 3646 quem
578 3563 749 3624 Aristotelis
769 3564 909 3646 dogmata
928 3577 1133 3647 exponentem,

58 3654 135 3705 teste
155 3644 268 3722 Suida,
292 3647 409 3710 audivit
427 3646 553 3708 Proclus
574 3647 695 3728 Lycius,
717 3647 863 3728 cuiusque
890 3657 1006 3708 exstant
1026 3646 1139 3727 aliquot

28 3783 33 3794 ,
57 3727 91 3785 in
111 3726 268 3787 Platonem
286 3731 408 3810 eiusque
427 3728 605 3810 discipulum
618 3729 790 3811 Stagiritam
805 3730 1011 3791 commentatii
1022 3731 1132 3808 partim
1141 3741 1212 3813 ηερ

58 3807 151 3885 editi,
243 3810 249 3823 '
309 3808 424 3870 calamo
450 3812 596 3872 duntaxat
614 3814 746 3888 exorati,
781 3822 847 3872 tum
865 3812 943 3870 alius
965 3808 1036 3882 ille,
1070 3813 1134 3872 sive

58 3892 168 3952 Monac
191 3912 245 3963 us,
267 3893 330 3952 sive
349 3891 569 3956 Alexandrinae
588 3893 741 3955 Ecclesiae
760 3895 931 3962 Diaconos,
953 3893 1006 3972 qui
1028 3894 1060 3950 in
1082 3893 1133 3952 lo·

56 3969 147 4048 hum,
178 3971 401 4051 Ecclesiasten,
433 3975 566 4059 aliosque
592 3976 755 4037 nonnullos
784 3995 885 4036 sacrae
904 3972 1076 4054 Scripturae
1094 3972 1131 4035 li·

56 4052 126 4119 bms
147 4058 315 4120 notationes
340 4067 498 4122 catenasre
515 4061 701 4142 conscripsit.
958 4061 970 4082 ‘
