2909 4717
290 192 371 276 522
721 213 921 280 ruscum

286 375 508 456 Imperiumque
524 390 612 433 suum
630 369 755 432 vivendi
766 392 878 453 ponere
896 371 1039 431 linctum.

285 472 414 534 lusidius
433 493 522 533 nemo
541 469 622 532 dirae
641 455 808 552 metuitque
827 491 979 532 venenum

285 572 445 654 Linguae,
467 591 528 654 quo
552 568 642 630 multi
663 569 836 631 oeciderunt
855 571 981 630 crimine
1000 549 1082 636 Qu.

284 671 409 733 Perdite
428 692 476 732 ree
495 667 599 754 populi
619 670 717 730 luerat
737 669 794 732 aub
813 679 950 752 tempore
968 669 1060 746 dir-03

283 770 425 831 Restituit
443 781 545 831 tamen
563 767 643 831 hene
662 767 777 830 domini
796 768 955 851 prudentie
974 769 1070 840 urire,

283 869 445 932 Periiciens
464 869 606 946 firmum,
625 868 707 950 quod
727 867 807 950 cepit
825 867 949 945 delu'le,
969 885 1107 949 regnum.

367 968 467 1030 Multa
486 967 576 1029 simul
595 968 681 1030 vario
700 977 885 1030 concurrunt
901 965 1008 1027 ordine
1025 983 1153 1036 rerum,
1325 960 1378 1040 rio

284 1070 485 1152 Diversoeque
505 1067 632 1129 uehunt
650 1075 779 1150 angusto
799 1077 922 1149 pectore
942 1085 1057 1127 aeneum

283 1170 330 1230 Ae
349 1167 443 1229 veluti
462 1166 589 1251 Delphis
609 1165 747 1228 Phoebas
767 1186 837 1228 cum
856 1164 981 1236 numine
1001 1164 1091 1248 plena

284 1270 397 1328 Omnia
416 1288 494 1350 quae
514 1267 653 1344 luerent,
671 1286 751 1349 quae
770 1276 861 1344 eunt,
881 1266 1052 1348 pariterque
1070 1263 1177 1324 futura

281 1367 434 1448 Conspicit
455 1377 486 1428 et
504 1368 628 1449 cupiens
646 1363 827 1448 prohibetur
847 1364 977 1447 prodere
994 1362 1079 1424 luci:

283 1467 333 1527 Sic
351 1487 406 1549 ego
429 1467 599 1548 concipiens
617 1476 696 1543 tue,
714 1465 877 1546 Princeps,
899 1462 1029 1546 plurima
1047 1463 1145 1539 facie,
1319 1460 1370 1541 1⁴5

283 1567 373 1644 Quae
392 1564 451 1628 tibi
469 1565 620 1627 debentur
633 1561 761 1626 diversis
782 1563 919 1647 partibus
939 1561 1039 1637 orbiu,

283 1664 356 1726 Nou
375 1686 497 1747 possum
517 1664 619 1726 verbis
640 1666 743 1725 animo
762 1663 899 1747 proferre
917 1671 1034 1745 purete.

283 1762 435 1842 Quocirca
455 1764 581 1826 laudum
602 1763 702 1846 relego
722 1763 839 1846 lastigie
854 1784 985 1825 mma.

364 1865 454 1925 Nunc
474 1864 632 1926 homiuum
651 1863 755 1946 generi
775 1862 936 1925 luetiseimu
955 1859 1072 1924 eeeculu
1093 1873 1245 1936 currunt,

284 1967 371 2044 Quos
390 1964 495 2046 inopen
513 1963 630 2024 dudum
650 1963 801 2025 iaciebant
821 1964 900 2024 iuaea
920 1962 1072 2040 nefanda,
1318 1961 1373 2025 15⁰

283 2065 370 2142 Quae
390 2073 511 2145 propter
530 2061 619 2123 multi
638 2063 723 2125 cedes
743 2062 846 2148 fugere
867 2073 1051 2146 parentum,
1099 2065 1103 2074 ’

282 2162 371 2238 Quae
392 2170 478 2242 peter
496 2170 528 2221 et
545 2157 689 2222 dominus
709 2170 808 2224 terrae
828 2160 940 2223 delevit
963 2163 994 2222 in
1014 2181 1142 2241 aevum,

282 2259 410 2341 Argenti
430 2256 567 2321 relevum
586 2269 679 2342 atque
698 2260 765 2320 auri
785 2260 919 2342 pondere
938 2260 1109 2340 mundum3

282 2359 496 2441 Perpetuoque
515 2379 626 2440 perena
643 2358 702 2420 eibi
721 2362 852 2421 maxima
870 2361 1003 2442 praemia
1023 2359 1097 2422 caeli

281 2458 412 2520 Divitiae
431 2458 557 2532 temnit,
578 2477 640 2540 quo
660 2457 784 2540 prodest
804 2459 946 2521 omnibus
964 2480 1056 2520 unue.

281 2557 418 2640 Namque
439 2557 543 2620 cibum
562 2568 702 2640 poterunt
722 2559 776 2640 qui
796 2562 847 2621 vix
869 2559 1029 2641 adquirere
1049 2562 1147 2638 vitae,

282 2658 397 2720 Oblato
417 2657 519 2719 miseri
538 2655 710 2719 thmeaurie
732 2679 857 2720 munere
877 2656 1014 2740 llelraut,

282 2759 411 2819 Munere
429 2777 500 2818 eum
519 2756 632 2840 gemitu
650 2757 729 2817 tristi
750 2756 949 2840 lacrymisque
965 2768 1079 2821 macto.
1143 2763 1164 2843 ᾗ

283 2858 405 2941 Quippe
427 2857 520 2919 debat
540 2873 646 2918 musas
667 2854 806 2918 violentie
826 2855 911 2918 lucre
930 2858 1057 2940 parendi

282 2957 326 3018 Et
345 2956 444 3032 male,
466 2975 546 3040 quae
564 2954 668 3039 plures
687 2955 807 3039 pridem
826 2954 948 3036 dixere,
969 2965 1108 3019 canentes

283 3049 420 3116 Romano
440 3067 555 3118 vestras
573 3053 623 3117 vel
645 3055 739 3116 Graio
759 3055 893 3117 carmine
913 3054 1030 3123 laudea.

281 3153 324 3216 m
342 3176 404 3235 quo
428 3166 546 3238 sceptra
565 3154 633 3216 loeo
653 3153 779 3216 dederat
797 3154 853 3214 tibi
876 3165 976 3221 rector
995 3148 1146 3238 Olympi,

283 3252 354 3330 (ho
374 3262 466 3333 eeput
484 3256 549 3334 ipee
567 3265 657 3315 tuum
674 3252 774 3336 primo
794 3251 963 3315 diademate
982 3255 1093 3331 cinxit,
1194 3257 1198 3264 “
1302 3319 1317 3346 α

282 3350 342 3413 llic
362 3349 420 3412 sibi
442 3350 550 3412 donari
573 3351 723 3414 librorum
743 3351 821 3415 vidit
838 3373 984 3432 acervus,

282 3447 430 3512 censibus
444 3448 584 3524 infestos,
606 3463 763 3514 servantes
782 3452 895 3535 scripte
914 3451 1072 3529 dolorum,

281 3551 412 3613 Munera
431 3548 596 3629 suscipiens
615 3547 743 3614 ilammie
761 3558 883 3614 aeterrm
904 3550 1012 3614 beatis.

281 3650 333 3713 Ad
354 3671 428 3733 quar
443 3650 567 3709 accessit
587 3648 722 3732 placidus
742 3654 837 3735 magis
856 3651 999 3714 omnibus
1018 3653 1096 3727 eris,

280 3752 408 3838 Aqrexit
420 3759 536 3811 vestroe
551 3747 644 3810 radiis
660 3748 706 3810 eol
725 3771 835 3813 eureus
856 3754 959 3835 ignem

280 3851 323 3915 Et
337 3850 478 3933 placuere
497 3849 577 3911 diem
599 3848 746 3912 violentia
765 3849 882 3913 lumina
898 3851 1005 3927 fumo,

282 3951 370 4028 Quae
389 3970 466 4030 pum
486 3947 603 4032 fulgens
620 3948 760 4010 accendis
778 3960 879 4012 mente
896 3970 1031 4011 serenus.

283 4047 351 4133 lpse
372 4045 456 4112 locus
475 4047 560 4112 vobis
581 4048 713 4120 ostendit
732 4048 800 4113 iure
820 4059 968 4137 tmpueee
