2909 4717
405 216 673 285 numanum
702 213 910 282 ursacius.
1108 193 1191 308 287

103 369 189 459 &rep
211 377 258 464 τῷ
277 376 348 440 κατ’
368 371 488 448 αότοός
508 370 595 438 έθνει
609 366 828 445 Ἱσοστινιανός
849 368 868 434 ό
887 369 949 455 πρό
968 372 1024 435 τοῦ
1042 369 1264 455 &ecchiete
1282 384 1336 436 5oe

104 474 235 540 έδίδοο·
253 466 338 560 ἦσαν
359 473 394 537 δέ
413 468 554 537 καλώδιά
574 494 609 536 τε
632 472 746 559 χροσρῖ
773 471 1069 552 διαπεποικιλμένα,
1098 473 1131 549 ές
1154 450 1326 576 τόξ”ἱῑύζιέὴ

105 571 224 657 εἴργειν
242 596 274 637 τι
295 574 360 638 ταῖν
381 567 676 658 ἀποδιδρασκόντων
695 568 932 652 ἐπινενοημένα.
964 571 1020 633 κατ’
1037 573 1140 635 κλῖναι
1160 542 1290 648 Mum

105 673 206 754 μοέιος
243 674 301 738 κατ’
334 664 416 737 ἄλλα
457 673 529 736 τινά
557 671 591 747 ές
621 666 658 734 τό
687 664 862 754 άβρότερον
882 667 1043 750 ἀνειμένα.
1069 665 1139 734 τότε
1158 669 1197 758 δὴ

85 765 165 836 teir
185 769 216 836 oi
237 772 385 858 πρέσβεις
406 772 469 836 sais
488 767 632 855 Ἀβάροιν
660 768 694 846 ές
720 775 834 854 πεῖραν
854 769 938 832 ἰέναι
955 768 1014 831 rosi
1040 768 1198 851 βασιλέως

106 865 297 953 όβοόλοντο,
328 868 391 953 εἴγε
419 867 478 935 otiu
506 861 610 945 άλλοος
630 870 720 953 δῶρα
742 862 914 949 λαμβάνειν
930 867 1056 948 ον’τοῖς,
1086 867 1199 956 καίτῇ
1242 941 1248 963 ,

102 970 278 1053 Ῥωμαίων
299 968 443 1060 ῥοόαμίρ
463 969 673 1057 έπεντροφρῖν,
690 968 747 1032 κατ’
763 964 801 1031 τό
822 959 938 1047 άμελές
957 964 1065 1030 corais
1085 967 1198 1033 οἰκεῖον

104 1069 257 1136 τιόεσδαι
282 1071 404 1155 κέρδος.
443 1071 499 1134 καέ
525 1066 563 1153 δὴ
587 1063 676 1153 παρά
705 1065 840 1149 βασιλέα
861 1066 975 1152 ponpis
994 1063 1113 1149 ἠξίουν.
1141 1067 1277 1151 salves,

107 1162 165 1236 σόν
188 1171 283 1235 τοῦτο
303 1169 468 1256 ἐφειμένον
489 1166 598 1243 αὐτοῖς
610 1217 620 1249 ,
647 1163 696 1231 ἔτι
724 1189 760 1251 γε
786 1163 852 1249 μὴν
870 1167 927 1229 καί
946 1161 1000 1229 διά
1020 1166 1083 1229 scis
1102 1160 1200 1251 ἑρμη-

71 1272 189 1336 ιονέιον
212 1263 274 1349 ό,τι
293 1267 465 1352 βούλονται
484 1269 597 1352 λέγειν,
612 1268 749 1331 τοιοῖσδε
769 1260 945 1350 ἐχρήσαντο
965 1260 1079 1348 λόγοις·
1099 1289 1200 1350 ,,χρε-

108 1367 157 1435 ὠν
170 1419 182 1452 ,
211 1361 412 1452 αόβασιλεῦ,
440 1361 695 1453 κληρονομοῦντά
722 1389 760 1431 σε
780 1366 836 1451 τῆς
854 1362 1001 1452 πατρῴας
1021 1364 1125 1449 ἀρχῆς
1143 1363 1228 1429 καόΒ

108 1466 185 1545 rosis,-
212 1467 376 1556 πατρῴους
403 1468 517 1555 φίλους
538 1460 596 1531 osia
617 1457 729 1544 άλλως,
764 1456 845 1549 ἢπερ
873 1460 1017 1550 όπατῆρ
1039 1460 1056 1530 ό
1075 1462 1141 1546 σός,
1161 1455 1200 1530 εό

109 1574 229 1649 ποιεῖν,
249 1566 305 1632 κατ’
320 1566 420 1656 ταύτῃ
442 1567 615 1653 φαίνεσθαι
634 1568 756 1647 μᾶλλον
777 1561 928 1646 διάδοχον
955 1558 1037 1630 εἶναι
1056 1571 1201 1631 τετελεσ-

109 1664 244 1752 τηκότος
282 1668 326 1755 τῷ
364 1666 465 1751 μηδέν
491 1662 694 1732 ἐναλλάττειν
716 1654 763 1728 σόν
782 1663 898 1739 ἐκεῖνος
917 1661 1051 1749 ἔπραττε
1070 1662 1203 1750 περιιόν.

75 1762 201 1830 siurim
220 1763 282 1852 γάρ
303 1765 359 1831 καί
377 1761 468 1849 ἡμεῖς
486 1769 543 1850 τῆς
562 1764 661 1861 αότῇς
681 1760 884 1846 οἶνθεξόμεδα
898 1763 1044 1850 γνώμης,
1063 1767 1121 1831 καί
1138 1761 1202 1850 orig

110 1859 207 1951 ἧττον
226 1864 261 1931 τό
284 1868 341 1950 τῆς
360 1859 540 1952 εόεργεσέας
560 1853 660 1947 ὄνομα
680 1860 924 1947 μεταδήσομεν,
953 1866 984 1929 εἰ
1002 1865 1039 1929 σέ
1059 1864 1115 1930 καί
1132 1868 1201 1947 μετ’

111 1968 232 2033 ἐκεῖνον
258 1958 424 2051 εόερμέτην
457 1963 723 2046 άποκαλέσοιμεν·
747 1959 828 2049 πρός
853 1987 889 2048 γε
907 1966 965 2029 κατ’
983 1962 1204 2052 αι’σχονθρσό·

113 2068 201 2149 pstor
222 2066 267 2151 τῷ
292 2064 482 2129 πεποιθέναι
511 2065 613 2141 καλάς
640 2061 685 2148 μὴ
700 2070 775 2151 ,τοῖς
795 2060 917 2144 όμαέοις
937 2056 1127 2146 άμεέβεσθαι
1146 2062 1204 2130 τόν

115 2161 301 2249 δεδρακότα
340 2164 396 2229 κατ’
422 2161 482 2247 γάρ
513 2164 634 2250 πατέρα
655 2159 711 2228 τόν
730 2159 788 2228 σόν
808 2160 921 2249 διόροις
940 2162 1026 2247 ἡμᾶς
1046 2170 1210 2251 φιλοφροε

75 2261 273 2346 πονούμενον
295 2262 559 2348 άντεδοοροόμεθα
587 2264 632 2349 τῷ
650 2258 706 2325 καί
724 2257 895 2342 δυνάμενοι
921 2262 966 2348 με)
995 2263 1204 2348 κατατρέχειν
1312 2328 1314 2333 ,

115 2360 175 2447 τὴν
190 2358 394 2445 Ῥωμαϊκὴν,
424 2358 508 2426 α’λλά
536 2361 630 2427 πλέον
650 2360 875 2426 ἐνδείκνοσόαί
891 2385 934 2427 τι.
974 2360 1052 2438 τούς
1076 2359 1138 2447 γάρ
1167 2364 1234 2428 tac

114 2459 265 2546 γειτόνων
290 2457 368 2545 όμΐν
393 2457 597 2548 βαρβάρους,
627 2457 684 2547 τὴν
714 2458 843 2549 Θράκην
875 2460 928 2527 αἐέ
947 2460 1206 2546 περικόπτοντας,

185 2588 210 2641 ³.
228 2588 328 2646 κλίνας
343 2588 414 2658 vulg.
484 2584 573 2642 6.οδκ
590 2584 692 2659 ἄλλως]
710 2584 843 2655 σι’δαμιός
861 2584 972 2647 ἐξέσται
989 2586 1060 2641 coni.
1078 2586 1111 2638 N.
1166 2588 1207 2641 ιθ.

187 2656 221 2712 σέ
240 2657 382 2723 Cantocl.,
401 2657 434 2711 cs
454 2659 525 2726 vulg.
599 2676 640 2727 ¹9·
657 2656 734 2727 έμτῖε
750 2657 822 2725 vulg.

116 2759 150 2805 ut
171 2760 301 2805 consueta
325 2766 440 2803 munera
467 2754 639 2821 acciperent,
668 2765 740 2820 quse
767 2748 953 2810 lastinianus,
981 2747 1030 2819 qui
1054 2753 1118 2800 snts
1143 2764 1208 2800 snus
1254 2779 1259 2790 ·

116 2824 265 2892 imperium
288 2830 431 2886 tenuerat,
448 2822 572 2875 conterre
588 2827 647 2874 erat
663 2818 782 2884 solitus3
802 2827 881 2872 orant
899 2829 991 2871 autem
1010 2818 1123 2871 catellae
1140 2836 1208 2874 saro

117 2895 284 2961 variegatae,
303 2894 381 2964 quusi
407 2892 441 2944 ad
462 2891 622 2945 vinciendos
648 2889 784 2958 rugientes
810 2897 999 2958 comparatae,
1020 2890 1084 2941 lecti
1106 2890 1208 2944 etatis

118 2963 256 3033 quaedam
273 2964 309 3015 sd
326 2963 514 3015 delicatiorem
533 2962 636 3016 cultum
655 2959 817 3030 spectantia.
854 2962 934 3012 Tunc
942 2962 1041 3012 Avares
1058 2959 1208 3015 voluntatis

119 3034 296 3104 imperatoris
316 3034 469 3103 periculum
494 3035 583 3086 facere
602 3037 774 3093 statuerunt,
801 3048 836 3083 an
855 3031 927 3083 sorte
946 3030 1079 3099 ampliora
1096 3048 1211 3087 munera

118 3113 266 3175 caperest,
284 3106 384 3158 inertia
393 3105 574 3156 Romanorum
587 3102 711 3172 decepta,
720 3116 769 3153 sua
787 3101 843 3153 sibi
862 3100 1003 3153 commoda
1017 3100 1082 3154 inde
1098 3120 1210 3174 comps·

119 3191 179 3228 rsre
196 3182 317 3246 possent
353 3177 451 3245 ltaque
470 3176 643 3257 imperatoris
661 3172 783 3224 adeundi
802 3171 856 3224 sibi
874 3179 1038 3242 potestatem
1058 3174 1116 3227 fieri
1134 3174 1210 3244 peti.

119 3254 210 3308 erunt,
226 3243 301 3317 quod
311 3246 367 3297 illis
379 3252 420 3297 est
429 3261 600 3315 permrssum,
613 3243 681 3315 quin
692 3249 720 3294 et
734 3258 784 3312 per
794 3242 980 3313 interpretem,
996 3243 1128 3314 quicquid
1140 3244 1210 3299 libi-

119 3323 178 3369 tum
187 3324 269 3378 esset,
275 3331 437 3386 proponere.
456 3315 586 3369 Haerero
599 3317 641 3367 usi
655 3314 862 3385 suntprationez
873 3314 1016 3382 ‚‚Oportet,
1025 3331 1041 3366 o
1051 3316 1209 3386 Imperator,

119 3394 162 3450 te,
178 3387 230 3458 qui
248 3386 395 3455 imperium
413 3393 556 3455 paternum
579 3383 735 3437 hereditate
753 3384 918 3452 suscepisti,
948 3393 1076 3454 paternos
1097 3404 1209 3458 quoque

119 3459 223 3509 amicos
244 3473 351 3526 aeque,
369 3474 400 3509 ac
424 3456 486 3517 itte,
505 3454 646 3509 beneficiis
667 3471 782 3523 augere,
806 3463 890 3525 teque
914 3454 944 3506 in
970 3472 1002 3507 eo
1027 3458 1143 3509 maxime
1160 3474 1210 3527 pa·

120 3529 170 3580 tris
196 3542 380 3585 successorem
403 3527 555 3596 praebere,
583 3527 606 3577 si
633 3525 706 3579 nihil
725 3540 838 3587 eorum,
864 3541 934 3596 quae
948 3527 1026 3578 vivus
1044 3526 1156 3589 statuit,
1174 3545 1208 3581 eo

119 3595 230 3651 mortuo
250 3597 385 3655 immutes.
419 3599 461 3649 lta
481 3598 543 3658 fiet,
570 3604 602 3648 ut
620 3614 671 3648 nos
692 3593 805 3648 eandem
824 3612 886 3665 erga
905 3604 932 3648 te
951 3598 1120 3649 voluntatem
1142 3614 1209 3650 eon·

120 3684 275 3729 servemus,
304 3683 394 3740 nsque
415 3668 504 3720 minus
530 3670 560 3719 in
586 3674 614 3718 te
639 3666 837 3718 beneficentiae
872 3683 972 3718 nomen
996 3667 1207 3731 transieramus,

120 3747 149 3793 te
168 3746 233 3808 post
251 3740 341 3807 ipsam
360 3746 498 3791 auctorem
516 3744 669 3790 nostrarum
686 3736 856 3788 fortunarum
875 3746 1071 3805 nuncupantes.
1096 3739 1207 3792 Etsane

120 3810 361 3871 erubesceremus,
381 3808 405 3860 si
424 3825 439 3858 a
457 3816 485 3860 te
505 3805 653 3860 commodis
675 3807 765 3858 ornati
783 3824 839 3857 non
855 3806 948 3859 eadem
967 3807 1020 3860 tibi
1040 3805 1209 3861 retribuere·

119 3895 188 3932 mus.
225 3880 272 3932 Sic
291 3881 365 3933 enim
379 3887 485 3948 patrem
503 3885 596 3939 tuum,
615 3877 710 3945 quiin
729 3893 779 3928 nos
797 3874 921 3929 liberalis
939 3885 968 3930 et
984 3879 1128 3931 munificus
1145 3877 1208 3933 tue·

120 3958 180 4013 rat,
205 3950 372 4004 remunerati
399 3965 503 4000 sumus.
547 3949 657 4001 Etenim
683 3963 745 3998 eum
771 3945 831 3996 eius
853 3949 977 4017 regiones
991 3957 1095 4003 vastare
1113 3965 1208 4017 posss-

120 4038 191 4083 mus‚
210 4038 270 4074 aon
293 4020 376 4074 modo
400 4019 602 4079 abstinuimus,
625 4032 718 4069 verum
744 4016 844 4078 etiam,
892 4035 926 4070 uo
949 4034 999 4069 nos
1017 4019 1209 4088 propensiores

119 4108 185 4164 erga
215 4093 309 4164 ipsam
333 4088 558 4156 ostenderemus,
591 4087 696 4148 ricinos
723 4085 853 4143 barbaros
902 4086 1025 4147 hraetsn
1050 4090 1213 4150 invadentes

1321 3292 1334 3321 ὑ
