2909 4717
194 273 201 286 f
300 185 383 270 518
736 211 936 277 PRlsChtNt

300 373 420 446 Quare,
439 389 565 450 precor,
591 366 719 428 liberter
742 368 846 430 audias
865 380 937 448 tun,

301 470 388 545 Quae
403 478 511 530 cunct
530 489 591 527 non
610 488 665 549 ego
683 477 791 549 potero
812 470 1000 550 producere,

300 567 371 626 Non
387 565 470 627 mille
493 567 605 627 dentur
617 569 642 627 si
664 567 740 627 mihi
759 566 900 650 linguae,
921 570 1012 630 aimni

295 667 383 728 =Fons
406 666 506 746 ingeni
521 667 547 726 si
566 688 687 728 carmen
702 666 859 729 effundens
878 690 1013 746 novum3

298 765 359 826 Sed
379 776 463 846 parte
476 764 556 824 ferre
572 785 632 848 qua
647 764 735 827 valeo
762 788 818 848 pro
843 768 980 842 viribus,

299 865 450 945 Decerpta
466 863 565 928 lucem
578 864 713 926 conserat
729 866 969 947 quaerentibus.

301 964 394 1044 Quod
406 985 490 1025 more
512 967 589 1024 miro
612 965 664 1047 fit;
685 964 784 1026 soient
798 987 870 1026 nam
894 965 1029 1028 camina

300 1063 424 1124 Addere
442 1065 533 1124 decos
549 1063 639 1124 rebus
665 1066 760 1146 magis
779 1086 872 1148 quarn
891 1085 1019 1125 sumere.

383 1163 449 1223 Deo
465 1163 584 1224 fauente
605 1163 665 1224 iam
680 1163 789 1226 subibo
803 1164 943 1246 pondera

301 1261 434 1338 Laudis,
455 1281 576 1322 serenus
603 1283 681 1344 quae
700 1253 815 1324 relevat
837 1262 940 1324 vultus
962 1262 1037 1327 mihi

300 1362 447 1426 Praesens
464 1361 576 1442 ubique
596 1364 731 1423 cernitur
750 1365 804 1446 qui
823 1362 981 1442 sensibus,

303 1459 423 1527 Arcana
438 1461 556 1524 nudans
569 1460 711 1544 principis
729 1462 891 1528 mitissimi.
1006 1525 1012 1534 ,

387 1928 500 2011 Accipe
522 1928 693 1998 Romanum
713 1929 853 1990 clementi
871 1938 992 2011 pectore
1010 1945 1153 2015 carmen,

305 2030 438 2111 Accipe,
460 2030 543 2112 qnod
555 2029 636 2091 soleo
655 2028 776 2092 caelesti
796 2029 923 2091 reddere
941 2028 1015 2111 Regi

305 2130 434 2188 Munere
452 2151 510 2210 pro
527 2131 608 2190 vitae
617 2176 626 2206 ,
647 2150 705 2212 pro
723 2129 853 2211 pulchro
875 2126 989 2188 l‘umine
1005 2123 1088 2190 solis.

304 2225 444 2308 Namque
463 2229 564 2288 Deum
577 2232 668 2291 sentis
684 2228 799 2312 placeri
820 2229 953 2290 carmine
974 2236 1112 2302 tantum,

303 2328 406 2406 Quem
423 2330 570 2411 sequeris,
591 2334 732 2413 princeps
751 2329 851 2390 animo
875 2327 1035 2388 iustissime
1050 2334 1164 2404 recto,

306 2428 368 2506 Qui
382 2426 439 2488 tihi
459 2445 553 2511 regm
571 2429 672 2507 dedit,
699 2432 748 2490 cui
765 2428 856 2490 debes
882 2429 983 2488 omnin
1003 2423 1059 2488 soli

306 2526 477 2608 Prospera,
500 2551 579 2612 quae
598 2525 819 2611 bellis‘pariter
841 2526 891 2588 vel
907 2548 982 2609 pace
1001 2524 1110 2587 ruisti.

305 2625 415 2686 Audax
436 2649 508 2689 nam
530 2631 619 2689 venio
638 2630 798 2710 praeconia
813 2626 912 2687 dicere
932 2635 1056 2704 vestra,

306 2727 393 2805 Quae
408 2728 474 2789 finit
492 2728 626 2807 caelum,
648 2729 759 2810 quibus
774 2729 874 2788 omnia
888 2727 1021 2808 cingitur
1038 2724 1131 2785 orbis.

305 2826 369 2887 Nec
383 2830 495 2890 mirum
509 2827 584 2890 talea
603 2850 637 2888 ex
654 2838 739 2888 tanta
757 2831 850 2909 stirpe
865 2836 984 2890 creator

304 2927 462 3010 Pompeii,
483 2930 605 3011 proprio
619 2950 709 3010 quem
728 2928 860 2990 culmine
880 2928 977 2987 Roma
998 2924 1109 2986 locavit
1131 2969 1142 3005 ,

306 3026 398 3087 Cuius
415 3031 482 3108 quis
497 3031 605 3090 merito
626 3027 725 3088 valeat
742 3048 901 3088 numerere
915 3023 1107 3108 triumphos,

307 3125 393 3203 Quos
408 3127 485 3187 vidit
510 3129 603 3188 Titan
623 3126 764 3209 linquens
788 3136 985 3209 repetensque
1005 3122 1223 3207 proiimdum,

307 3223 394 3304 Quos
412 3226 512 3286 medio
537 3228 661 3287 veniens
683 3235 807 3286 steterat
826 3226 952 3285 miratus
972 3223 1131 3306 Olympo?

304 3317 365 3389 &A
385 3332 487 3386 temen
509 3329 648 3409 egregio,
670 3327 815 3412 Pompei,
838 3325 909 3385 cede
935 3327 1049 3405 nepoti.

306 3423 336 3484 N
338 3445 446 3506 amque
462 3446 576 3507 genus,
596 3423 679 3509 quod
695 3438 749 3499 tu,
771 3438 923 3486 terrarum
941 3425 1039 3494 victor
1053 3422 1192 3506 ubique,

305 3520 497 3587 Indomitum
515 3527 609 3587 Tauri
625 3526 784 3608 linquebas
806 3522 934 3585 collibus
951 3522 1041 3601 altis,

307 3621 368 3688 Hic
385 3623 523 3704 domuit,
545 3625 664 3706 penitus
678 3622 852 3685 convellens
870 3624 985 3683 semina
1001 3620 1092 3699 belli;

308 3723 420 3801 Quod,
444 3723 524 3785 celso
533 3728 665 3806 positum
683 3723 824 3785 fortunae
843 3723 956 3794 vortice
975 3743 1092 3805 nuper,

306 3819 349 3884 Et
369 3824 487 3886 nullum
505 3827 596 3888 finem
613 3823 738 3884 credens
755 3823 892 3884 felicibus
908 3841 996 3898 esse,

307 3921 404 4010 Impia
415 3924 564 3986 condebat
581 3924 669 3984 terris
685 3934 883 3986 monumento
895 3921 1026 3994 doloris,

293 4083 296 4093 '
376 4080 461 4136 ruet.
482 4083 519 4153 ¹4·
539 4084 648 4153 ingenii
662 4082 720 4138 cod·
791 4081 853 4138 Pon.
874 4099 915 4135 ai.
936 4077 1044 4133 dom.
1068 4075 1128 4133 cod.
