2909 4717
410 200 677 269 numanum
704 202 910 269 ursanum.
1118 172 1202 287 375

124 357 248 436 νεκυία,
268 355 305 419 es
324 354 388 420 τοόν
407 356 442 421 δν
460 356 499 443 τῇ
520 359 650 438 Νισίβει
681 350 845 441 άρχόντφν
866 356 1048 441 ἐξεπέμφθη
1081 352 1141 421 σόν
1168 357 1344 441 effecius

123 456 312 540 νομιζομένῃ
344 455 420 541 τιμῇ
446 453 631 538 πρεσβεύειν
657 453 690 529 ἐς
717 450 757 517 τά
787 455 935 533 βασίλεια
966 458 1120 539 Περσαῑν·
1153 432 1330 557 ”affudit

124 548 259 633 ἅπαντα,
290 542 335 616 ὧν
361 551 451 617 ἕνεκα
472 549 623 633 ἔσταλτο,
654 554 689 617 ἓν
724 550 826 616 δέοντι
853 551 1147 638 καταστησάμενος,
1172 555 1236 625 ire

122 647 240 726 τούτοις
269 648 421 735 ύπῆργεν.
461 649 479 717 ό
514 650 549 716 δὲ
577 645 726 735 Χοσρόης
755 653 790 715 ἐν
818 653 878 740 μιηῖ
905 653 968 717 τῶν
998 647 1126 736 ἧμερῶν
1145 656 1208 718 τῶν

100 742 313 835 ΒΣαρακηνῶν
341 752 415 834 πέρι
442 744 530 838 αύτῷ
549 751 671 835 ἐκίνησε
699 744 822 832 λόγους.
862 746 902 816 τύ
923 748 985 834 γάρ
1007 750 1205 834 Σαρακηνικά

121 851 209 934 φύλα
237 845 393 934 μυριάδες
419 851 542 931 ταῦτα,
573 848 632 913 καὶ
656 843 690 912 τό
720 852 865 912 πλεῖστον
895 848 1001 912 αύτῶν
1021 844 1208 932 ἐρημονόμοι

118 947 183 1010 εἰσί
214 945 275 1010 καί
304 941 486 1013 ἆδέσπατοι·
518 949 575 1012 καὶ
601 948 661 1028 μὲν
690 939 749 1011 oda
769 949 826 1031 τῆς
858 946 1049 1029 Ῥωμαίων,
1079 943 1209 1011 durinci

117 1045 172 1109 καί
188 1048 247 1129 τῆς
265 1048 405 1130 Περσῶν
425 1042 547 1133 ύπήκοα
576 1048 744 1121 πολιτείας.
786 1040 871 1111 ούτον
903 1049 939 1111 δὲ
961 1048 1206 1128 διακεκριμένων

116 1145 233 1225 aare»,
251 1142 475 1226 Ἰουστινιοινός,
507 1143 718 1233 μεγαλόφρων
745 1142 827 1230 άνηρ
857 1147 913 1211 καὶ
930 1140 1204 1227 βασιλικώτατος,

67 1240 191 1317 senode
210 1243 399 1329 μηδίζοντας
419 1246 612 1329 Σαρακηναῑν
643 1241 758 1327 διύροις
786 1246 941 1323 ἐδεξιοῦτο
962 1240 1139 1329 κρατούσης
1159 1245 1205 1308 εἰ·

115 1339 225 1426 ρηνης.
267 1338 284 1406 ό
307 1343 343 1405 δὲ
359 1341 539 1424 Ἰουστῖνος,
563 1342 720 1431 ἐμβριθης
740 1367 773 1408 τε
793 1338 838 1408 ιάν
858 1342 914 1407 καί
930 1342 1103 1429 βαρβάρων
1124 1367 1206 1429 φρο·

114 1438 231 1523 νήματι
261 1435 374 1525 ἥκιστα
402 1440 595 1527 ύπογαλῶν,
628 1444 663 1508 ἐν
689 1438 798 1508 ούδενί
828 1439 909 1531 λόγῳ
931 1445 1099 1528 ἐποιήσατο
1130 1440 1204 1517 τούς

114 1533 185 1603 ὅσοι
206 1536 358 1623 ἐμήδιζον
376 1541 439 1605 τῶν
454 1543 657 1627 Σαρακηνῶν.
698 1538 727 1605 ot
747 1543 783 1606 δὲ
806 1538 1118 1629 (πλεονεκτικώτατον
1134 1538 1224 1625 γόρῦ

114 1637 150 1701 τό
166 1638 286 1727 φῦλον)
310 1634 471 1725 άποκοπὴν
484 1641 575 1707 τοῦτο
596 1641 788 1725 ἡγησάμενοι
820 1643 865 1730 τῷ
895 1645 1025 1722 βασιλεῖ
1054 1640 1204 1705 ἐνέκειντο

79 1737 259 1824 τδΠερσιῦν
286 1734 330 1823 μη
363 1741 517 1825 περιιδεῖν
544 1736 662 1816 αύτούς
691 1740 779 1828 αύτῷ
807 1740 1044 1821 ἀνακειμένους.
1084 1743 1129 1826 τῷ
1154 1761 1205 1802 τοι

114 1829 179 1923 όρα
202 1828 260 1902 καύ
278 1838 412 1924 Πέτρου
433 1840 534 1904 ἐκεῖσε
554 1841 853 1926 πρεσβευσαμένου,
882 1834 985 1924 οἵσπερ
1007 1846 1073 1914 τοῖς
1096 1842 1205 1922 Enne-

112 1943 220 2019 κηνοῖς
247 1934 451 2015 ὑπευθύνους
484 1928 578 2015 ὄντας
609 1938 794 2020 Ῥωμαίους
823 1935 909 2021 ἔλεγε
931 1940 997 2003 δεῖν
1020 1937 1038 2000 ό
1059 1935 1203 2023 Χοσρόης

113 2033 335 2113 όποδιδοσθαί
351 2059 446 2122 σφισι
467 2034 504 2102 τό
524 2039 631 2122 χρέος.
661 2029 729 2101 εἶτα
750 2041 805 2102 καί
820 2036 969 2103 Ἰωάννου
991 2030 1104 2101 αύτόσε
1125 2035 1204 2122 dos-

112 2135 247 2215 κομὲνου
272 2142 340 2208 τοῖς
369 2128 478 2210 αύτοῖς
509 2132 667 2222 ἐχρήσατο
700 2132 831 2223 ῥήμασι.
874 2138 1108 2223 διισχυρίζοιτο
1136 2133 1198 2222 γάρ

73 2253 181 2307 annone
200 2231 230 2296 οἱ
248 2231 438 2317 Σαρακηνοδ,
460 2230 502 2309 ὥς
522 2234 602 2320 ύπὲρ
623 2237 683 2301 τού
703 2231 830 2321 εἰρήνην
852 2227 939 2320 οἴγειν
958 2239 1014 2300 καί
1031 2234 1076 2321 μη
1099 2246 1234 2303 κατα-Υ.
1249 2266 1294 2304 ror

109 2333 198 2396 θέειν
217 2329 276 2415 την
291 2331 465 2413 Ῥωμαίων
483 2331 522 2398 τά
544 2338 675 2401 τοιαῦτα
698 2336 879 2417 ἐκομίζοντο
899 2332 1072 2420 χρηματα,
1093 2336 1201 2398 ἐντεύ-

109 2428 168 2495 etr
188 2454 222 2496 τε
242 2426 404 2512 ἐβιάζοντο
426 2429 485 2516 την
507 2435 565 2498 τοῦ
599 2430 783 2521 πράγματος
803 2432 912 2520 φύσιν.
953 2431 972 2495 δ
994 2435 1029 2498 δὲ
1046 2431 1201 2518 Ἰωάννης,

181 2584 206 2636 3.
224 2577 357 2646 insuta,
382 2570 424 2638 ύν
439 2585 479 2649 R,
499 2581 653 2641 δπάντοιν
670 2585 735 2677 νυΙρ
827 2588 852 2638 6.
871 2588 963 2655 μυρία
983 2582 1015 2636 δὲ
1035 2601 1058 2635 τ.
1077 2582 1137 2636 vsi.
1169 2598 1199 2666 γ.

181 2655 232 2704 καλ
248 2651 314 2728 μὲν]
334 2650 368 2706 τά
389 2654 577 2724 primentii.
665 2673 704 2710 aa.
728 2659 877 2712 Ιουοτῖνος
896 2655 970 2718 Vei,
987 2655 1199 2711 Ἴουστινιανοε

180 2723 253 2793 vulg·
327 2723 367 2793 ¹4·
384 2722 530 2781 «tressera
551 2727 622 2796 vulg.

111 2842 279 2913 primoribus
297 2845 401 2898 Nisibis
420 2863 482 2899 enm
504 2846 612 2897 solenni
629 2844 735 2899 honore
754 2845 789 2898 ad
812 2844 1012 2916 exsequendam
1030 2841 1198 2912 legationem

112 2918 141 2967 in
163 2917 265 2983 regiam
279 2917 418 2969 Persarum
434 2924 477 2969 est
494 2917 630 2969 dimissus.
666 2916 692 2968 is
712 2934 745 2969 eo
765 2917 893 2981 accensit,
915 2922 944 2967 et
962 2914 1106 2976 omnibus,
1124 2928 1197 2982 quo-

111 3001 171 3037 rnm
189 3002 268 3037 eausa
287 2989 383 3039 missus
401 2987 468 3048 tuit,
487 2990 540 3039 rite
557 2987 690 3055 peractis,
714 3003 874 3057 responsum
892 2984 1026 3038 manebat
1062 2983 1196 3036 Chosroes

110 3066 201 3109 autem
224 3055 342 3125 quadam
366 3056 411 3111 die
439 3073 590 3110 sermonem
623 3059 710 3110 mevit
739 3058 773 3110 de
806 3055 953 3110 Saracenis.
999 3056 1101 3108 Gentes
1120 3055 1195 3107 enim

110 3128 286 3179 Saracenieae
317 3129 476 3180 innumerae
509 3136 588 3191 sunt,
621 3144 735 3200 quarum
764 3128 880 3180 maxima
912 3143 973 3196 pars
1004 3143 1054 3195 per
1087 3124 1195 3178 deserta

109 3205 252 3266 pascentes
271 3205 300 3250 et
313 3200 373 3250 sine
393 3198 505 3250 domino
522 3204 671 3281 vagantur,
694 3200 764 3252 aliae
782 3202 977 3261 Romanorum,
1003 3197 1074 3248 aliae
1097 3197 1195 3248 Persa-

109 3283 169 3319 rum
190 3268 308 3335 imperio
330 3278 435 3339 parent
471 3270 513 3321 Ita
540 3268 644 3323 divisae
671 3279 860 3334 remearent,
897 3267 1078 3331 lastinianus,
1102 3267 1195 3336 magni

108 3338 206 3389 iudicii
227 3337 281 3401 vir,
308 3346 337 3391 et
358 3339 407 3410 qui
438 3356 654 3409 magnumusum
680 3342 771 3409 regiae
792 3339 1039 3395 administrationis
1064 3338 1194 3400 habebat,

108 3407 274 3469 Saracenos,
293 3408 343 3479 qni
367 3411 396 3461 in
418 3408 562 3461 Medorum
580 3410 704 3479 partibus
729 3419 823 3475 erant,
846 3428 1008 3481 perpacem
1031 3409 1110 3461 sionis
1128 3426 1193 3479 pro·

109 3485 216 3530 secutus
231 3478 329 3533 suerat.
352 3479 406 3531 Sed
425 3479 556 3544 Iustinus,
574 3480 617 3537 vir
634 3481 721 3552 gravis
740 3491 768 3536 et
778 3477 913 3535 ‘constans
931 3497 1021 3553 neque
1040 3479 1191 3549 quidquam

107 3546 286 3601 barbarorum
307 3548 452 3618 superbiae
469 3549 584 3612 cedens,
599 3549 765 3613 Saracenos,
784 3552 832 3623 qui
856 3551 942 3604 Persis
960 3551 1107 3608 favebant,
1123 3565 1191 3600 con-

107 3617 353 3688 temptuihabnit,
380 3627 409 3672 et
435 3619 518 3672 nihili
543 3621 617 3674 feeit
665 3623 702 3674 Aa
727 3623 770 3673 itti
796 3626 850 3691 (ent
875 3623 948 3674 enim
972 3639 1037 3692 gens
1063 3618 1189 3683 aridissi-

106 3690 161 3760 ma)
179 3707 241 3742 cnm
259 3696 389 3761 tanquam
403 3690 478 3762 qnod
493 3708 572 3744 suum
588 3698 668 3756 esset,
687 3692 741 3744 sibi
755 3692 824 3761 eripi
838 3693 1033 3753 existimarent,
1049 3688 1188 3739 Persarum

108 3777 209 3828 regem,
228 3776 265 3812 ne
289 3776 318 3811 se
339 3759 375 3811 ad
397 3777 445 3811 sua
459 3778 546 3828 genua
561 3771 709 3831 prostratos
738 3769 942 3824 contemneret,
974 3759 1109 3831 supplices
1127 3774 1188 3808 ora·

107 3839 176 3882 runt.
213 3830 255 3882 tta
277 3844 311 3881 ue
331 3829 483 3894 chosroes,
518 3849 578 3883 curn
608 3833 700 3886 Petrus
726 3833 801 3901 apud
832 3849 893 3884 eum
931 3831 1049 3901 legatum
1081 3837 1187 3897 ageret,

106 3902 239 3954 Romanor
257 3847 406 3953 {armenis
422 3900 546 3952 debitum
568 3904 672 3956 solvere
693 3918 814 3972 aequum
828 3902 965 3954 censebat
1002 3898 1109 3952 Deinde
1126 3918 1187 3953 eum

105 3970 217 4024 Ioannes
235 3970 271 4022 ad
289 3986 353 4022 enm
371 3971 538 4033 accessisset,
555 3972 653 4024 iisdem
672 3973 763 4026 uerbis
783 3979 824 4022 esi
848 3988 921 4024 usus.
966 3968 1093 4020 Saraceni
1114 3973 1188 4026 enim

104 4039 311 4107 asseverabant,
334 4056 364 4091 se
384 4038 500 4096 obeam
525 4058 648 4109 eausam,
673 4051 704 4096 nt
724 4044 846 4115 quietem
867 4047 993 4112 agerent,
1016 4056 1107 4113 neque
1132 4045 1186 4097 Ro·
