2909 4717
315 206 356 271 u
383 203 567 272 succis
595 204 764 271 cummi
790 203 937 272 sacar.
1085 178 1163 267 581

76 368 140 420 aut
153 403 176 441 ,.
187 372 222 422 ut
243 358 295 422 alii
315 361 453 441 babent,
472 360 583 423 Basilio
611 361 811 423 Consulatum
830 366 936 445 gessit,
972 364 1169 447 quemadmo-

75 441 165 502 dum
187 443 328 506 discimus
349 466 384 506 ex
396 446 497 506 Fastis
512 444 729 506 Consularihus
741 444 823 526 apud
837 445 1048 508 Cassiodorum
1061 493 1072 529 ,
1085 449 1169 518 Mar7

4 540 5 562 ³
74 524 233 588 cellinum
254 538 283 588 et
303 529 469 589 Auctorem
490 527 634 588 Chronici
653 527 861 588 Alexandrini.

4 613 7 622 '
158 609 521 694 Pag.18.a.[473‚20.]
545 609 1167 696 Tarmuodisam‚liusm1hladeotifitum

4 697 6 727 ³
72 689 212 752 Patrem
229 694 360 754 Zenonis
380 692 477 768 solus,
509 693 591 775 quod
612 696 725 771 sciam,
756 703 971 754 commemorat
991 694 1167 758 Candidus:

4 799 5 812 ν
73 772 118 833 de
140 777 245 855 patria
266 798 356 836 nemo
385 776 522 859 ambigit.
566 776 786 858 Primigenium
805 788 906 838 autem
929 775 1010 837 illius
1037 798 1072 837 ac
1098 776 1169 838 bar·

73 853 199 918 barum
226 879 338 919 nomen
367 861 450 920 varie
481 881 499 920 a
530 862 622 919 variis
649 862 838 941 concipitur,
867 871 903 921 ut
936 859 1001 919 fieri
1029 871 1111 919 amat
1136 862 1170 921 in

119 941 254 1022 regrinis
276 941 413 1003 vocibus·
455 942 602 1002 Omnium
622 945 750 1003 maxime
771 943 928 1003 aberrata
945 953 1029 1002 recto
1049 945 1170 1003 tramite

68 959 237 1105 Ziragrius
262 1023 319 1084 lib.
349 1044 380 1084 a.
412 1046 478 1106 cap.
508 1024 554 1087 15.
578 1047 587 1085 ε
613 1025 709 1086 Λέων
729 1025 765 1086 δὲ
786 1020 929 1105 γαμβρὸν
949 1020 1004 1085 s’ni
1032 1019 1172 1105 θυγατρὶ

33 1171 38 1182 ,
67 1097 236 1190 Ἀριάδνῃ
257 1099 532 1185 προσλαμβάνεται
553 1102 694 1187 Ζήνωνα,
726 1106 917 1188 Ἀρικμῆσον
934 1104 994 1183 μὲν
1012 1104 1047 1166 ἐκ
1068 1128 1171 1188 onup-

70 1183 191 1264 γάνων
220 1182 422 1264 καλούμενον.
463 1189 586 1250 Rectius
612 1188 759 1270 Agatbias
794 1188 995 1250 scholasticus
1032 1188 1111 1249 libro
1137 1189 1169 1268 4.

57 1289 158 1365 ›pag.
190 1270 258 1335 135.
286 1270 425 1331 editionis
445 1271 597 1331 Graecae:
631 1268 744 1351 Ζήνων
765 1266 963 1348 ὄῬωμαίων
978 1267 1170 1369 plunstede&

74 1353 244 1431 ἱσαυρος,
267 1344 302 1424 ὃς
322 1349 362 1433 δὴ
385 1348 493 1433 πρώην
519 1354 810 1435 Ταρασισκωδὼεος
825 1352 1076 1430 ’ἐπωνομαζετο,
1104 1347 1168 1413 ὖπό

61 1421 186 1494 Ἴλλου
209 1454 242 1494 ts
263 1434 319 1495 καί
329 1433 524 1496 Βαοιλίσκον
544 1434 600 1496 καί
613 1427 761 1508 Κόνωνος
781 1431 1036 1513 ἐπιβουλευθεὶς,
1058 1454 1171 1514 συνερ-

68 1511 204 1595 γούσης
224 1514 256 1590 ἐς
278 1511 318 1578 τὰ
337 1513 478 1593 μάλιστα
498 1513 713 1599 καίΒηρίνης,
735 1516 909 1578 ἐκπέπτωκε
927 1516 983 1597 τῆς
998 1514 1099 1597 ἀρχῆς
1109 1527 1169 1578 etc.

72 1597 240 1679 interpres
258 1599 367 1682 dialysi
391 1602 497 1660 vitiosa
523 1621 596 1660 usus
617 1602 659 1661 sic
681 1602 772 1662 vertit
795 1622 864 1681 pag.
890 1621 958 1681 ¹²7·
978 1622 986 1659 :
1010 1600 1095 1659 Zeno
1118 1601 1171 1660 ille

73 1680 212 1742 Isawro
237 1684 440 1743 Romanorum
454 1682 643 1766 Imperator,
678 1686 732 1767 qui
759 1696 847 1743 anteo
880 1682 1001 1742 Taunus
1033 1681 1171 1743 Codisesrs

73 1766 366 1844 cognominabatur,
410 1765 527 1825 insidiis
567 1768 599 1825 ei
626 1787 685 1850 per
711 1765 831 1827 Hillum
876 1778 905 1824 et
931 1764 1110 1824 Basiliscum
1142 1777 1174 1826 et

76 1846 235 1906 Cononem
263 1850 390 1919 stnaen's,
420 1847 622 1910 coadiuuante
647 1851 807 1933 praect'pue
828 1847 946 1922 Berine,
965 1848 1089 1929 irnperio
1113 1869 1171 1907 es:-

74 1927 161 1989 cidit
181 1940 240 1989 etc.
282 1929 401 1991 Auctor
423 1929 568 1991 Chronici
592 1929 791 1991 Alexandrini
811 1929 931 1990 errandi
959 1949 1063 1989 ansam
1092 1926 1171 1990 Vul-

76 2013 175 2070 canio
197 2010 342 2093 praebere
373 2022 513 2095 poterat,
540 2014 566 2073 si
596 2015 659 2073 iam
686 2036 703 2075 e
735 2011 866 2074 tenebris
892 2012 922 2071 in
948 2010 1047 2071 lucem
1072 2011 1170 2090 editus

74 2092 211 2154 fuisset:
235 2095 277 2155 sie
290 2096 371 2156 enim
380 2094 567 2156 dimidiatam
582 2095 727 2156 duntaxat
739 2116 844 2158 vocem
858 2105 984 2174 usurpat
997 2093 1065 2154 Ind.
1080 2094 1168 2170 xn„

75 2175 141 2236 sub
169 2175 337 2238 Consulatu
361 2179 472 2238 Leonis
495 2178 653 2252 laniones,
678 2176 861 2256 ἐβασίλευσε
881 2171 994 2255 Ζήνων
1013 2172 1029 2236 ὅ
1050 2174 1171 2237 Κοὸιο-
1205 2195 1209 2202 ·

77 2253 161 2331 osric
182 2255 200 2318 ὅ
222 2250 368 2341 Ἰσαορος
387 2254 468 2338 μετὰ
488 2260 544 2321 τοῦ
565 2258 648 2320 ἰδίου
670 2256 798 2339 ἐκγόνου
813 2256 949 2329 Λέοντος
970 2252 1071 2336 ὀλίγον
1089 2256 1171 2339 χρό-

76 2359 149 2403 νον.
190 2340 390 2424 Theophanes
420 2346 452 2402 in
477 2342 629 2404 Chronico
649 2342 688 2403 ad
713 2363 828 2402 annum
846 2343 976 2402 Zenonis
998 2338 1028 2400 8.
1052 2361 1169 2404 sacram
1261 2367 1264 2372 ·

77 2422 216 2486 Verinae
234 2424 399 2506 Augustae,
418 2426 549 2486 Zenonis
568 2446 683 2502 socrus,
708 2425 811 2498 refert,
828 2426 861 2483 in
878 2445 937 2505 qua
954 2424 1114 2505 imperium
1138 2445 1169 2484 se

77 2504 200 2570 Zenoni
217 2507 375 2568 tradidisse
395 2507 560 2590 gloriatum
588 2501 669 2584 ἴστε,
692 2499 799 2567 ὅτιτὸ
830 2504 991 2582 plautium
1018 2497 1167 2585 ἡμέτερόν
1176 2508 1204 2561 Ρ.
1225 2507 1273 2561 ιο5

78 2585 176 2669 ἐστι,
203 2589 259 2650 καί
272 2581 323 2651 ὅτὶ
342 2586 424 2666 μετὰ
444 2586 501 2670 τὴν
521 2589 696 2666 α’ποβίωσιν
715 2586 774 2650 τοῦ
794 2584 874 2664 ἐμοῦ
894 2579 1010 2667 ἀνδρὸς
1027 2584 1167 2658 Λέοντος

75 2670 373 2754 προεχειρισάμοθα
392 2672 525 2751 βασιλέα
549 2672 823 2752 Ταρωσκαλνσαῖον
849 2661 904 2728 τὸν
930 2667 1167 2747 μετακληθέντα

77 2749 220 2834 Ζήνωνα
237 2767 296 2816 etc.
339 2756 476 2815 Certiora
497 2754 537 2814 de
559 2753 607 2814 his
638 2751 790 2814 affirmare
879 2770 984 2824 emus,
1011 2750 1037 2810 si
1056 2750 1167 2811 iniuria

78 2844 256 2919 temporum
277 2859 339 2898 non
373 2839 509 2919 periisset
535 2835 689 2897 Eustatbii
716 2835 787 2916 Syri
823 2833 1004 2909 umbratio,
1034 2833 1067 2889 in
1085 2851 1165 2911 qua,

77 2929 160 2981 teste
175 2921 309 3003 Euagrio
328 2941 398 2981 mox
419 2921 528 2994 citato,
549 2918 627 2978 rende
647 2920 700 2978 iste
723 2918 809 2980 Zeno
832 2916 876 2976 od
900 2926 1012 2976 ennam
1034 2913 1167 2993 dz'gnita·

78 3013 139 3062 tem
160 3004 355 3077 ascendisset,
377 3015 408 3063 et
422 3024 512 3087 quom
535 3003 572 3062 ob
601 3021 721 3062 musano
749 2999 883 3062 omnibus
904 3019 926 3058 a
948 2997 1046 3059 Leone
1054 2997 1170 3076 smeret
1281 3013 1286 3022 “

73 3086 252 3166 praelatio,
277 3084 581 3145 commemorabatur.

165 3168 244 3249 Pag.
267 3166 314 3229 18.
330 3169 365 3227 B.
384 3167 548 3250 [473‚22.]
568 3163 781 3226 Ardabunum.
826 3162 917 3223 Hunc
931 3160 1077 3223 maiorem
1091 3173 1166 3223 natu

79 3247 209 3332 Asparis
233 3250 330 3310 lilium
359 3271 477 3331 avoque
493 3270 549 3310 suo
568 3251 780 3329 cognominem
801 3268 820 3306 a
850 3248 953 3307 Leone
981 3245 1063 3328 Aug.
1089 3246 1167 3307 Cae·

79 3351 181 3395 sarem
204 3343 336 3396 creatum
362 3331 453 3392 fuisse
473 3323 665 3414 persuadebit
691 3331 843 3411 interpres
860 3328 985 3412 Euagrii
1010 3329 1067 3406 iis,
1091 3331 1166 3411 qui,

80 3417 194 3477 imitato
212 3416 351 3499 plurimis
372 3436 475 3491 more,
492 3417 608 3475 Graeca
625 3410 781 3473 consulere
795 3412 1008 3493 dedignantur.
1049 3411 1167 3473 Locum

79 3499 169 3574 vide,
192 3520 282 3581 quem
296 3497 389 3579 paulo
410 3509 480 3558 ante
498 3496 718 3576 exscripsimus.
761 3496 885 3558 Priscus
898 3495 1028 3577 png.4o.
1058 3493 1166 3554 editio-

79 3581 128 3642 nis
202 3585 257 3655 ae,
282 3582 322 3641 ab
346 3601 382 3641 eo
401 3591 555 3662 superatos
575 3580 739 3638 Saracenos
763 3578 803 3637 ad
825 3579 1021 3654 Damascum,
1050 3595 1166 3635 memo-

80 3674 140 3725 rat.
213 3665 326 3726 undem
342 3662 533 3746 tyrannidem
546 3663 575 3722 in
594 3661 760 3721 Occidente
776 3660 948 3722 molientem
969 3656 1083 3739 expulit
1098 3657 1166 3717 An·

80 3746 213 3807 themius
231 3749 400 3829 Imperator
421 3745 502 3826 apud
521 3744 734 3806 cassiodorum
759 3746 790 3803 in
807 3745 936 3816 Cbron.‚
961 3739 1116 3799 Marciano
1137 3748 1167 3798 et

84 3830 206 3890 Zenone
228 3831 327 3900 Coss,
357 3828 529 3888 Chronicon
551 3825 803 3902 Alexandrinum,
828 3823 965 3886 Busticio
986 3831 1017 3879 et
1037 3817 1168 3902 Olybrio

81 3912 180 3990 Coss,
205 3935 285 3973 anno
293 3911 405 3973 Christi
430 3907 517 3989 464,
538 3909 606 3972 ind.
624 3908 679 3984 ll.‚
697 3908 802 3970 scribit
826 3908 916 3969 evita
934 3903 1077 3983 migrasse
1096 3923 1167 3964 san·

82 4006 165 4055 etum
192 3996 373 4078 symeonem
404 3992 543 4074 Stylitam
568 4033 577 4067 ,
620 3979 708 4060 ὄντος
741 3983 811 4049 τότε
847 3980 981 4066 κόμητος
1012 3980 1168 4064 ἀνατολῆς

81 4073 312 4161 Ἀρδοβοοριου
333 4073 392 4139 τοῦ
411 4070 579 4157 πατρικίου
603 4071 660 4133 τοῦ
680 4065 753 4134 οἱοῦ
765 4060 935 4150 'Amana
956 4064 1015 4127 τοῦ
1035 4083 1167 4152 στρατη-
