<?xml version="1.0" encoding="UTF-8"?>
<!DOCTYPE html PUBLIC "-//W3C//DTD XHTML 1.0 Transitional//EN"
    "http://www.w3.org/TR/xhtml1/DTD/xhtml1-transitional.dtd">
<html xmlns="http://www.w3.org/1999/xhtml" xml:lang="en" lang="en">
 <head>
  <title>
</title>
<meta http-equiv="Content-Type" content="text/html;charset=utf-8" />
  <meta name='ocr-system' content='tesseract 3.04.00' />
  <meta name='ocr-capabilities' content='ocr_page ocr_carea ocr_par ocr_line ocrx_word'/>
</head>
<body>
  <div class='ocr_page' id='page_1' title='image "./corpusscriptoru29niebgoog/corpusscriptoru29niebgoog_0044.png"; bbox 0 0 2909 4717; ppageno 0'>
   <div class='ocr_carea' id='block_1_1' title="bbox 282 138 1084 209">
    <p class='ocr_par' dir='ltr' id='par_1_1' title="bbox 282 138 1084 209">
     <span class='ocr_line' id='line_1_1' title="bbox 282 138 1084 209; baseline -0.01 0"><span class='ocrx_word' id='word_1_1' title='bbox 282 146 435 209; x_wconf 77' lang='lat' dir='ltr'>XXXVIII</span> <span class='ocrx_word' id='word_1_2' title='bbox 581 139 802 205; x_wconf 77' lang='lat' dir='ltr'>DEDICATIO</span> <span class='ocrx_word' id='word_1_3' title='bbox 832 138 1084 204; x_wconf 76' lang='lat' dir='ltr'>Honscuntrt.</span> 
     </span>
    </p>
   </div>
   <div class='ocr_carea' id='block_1_2' title="bbox 231 288 1422 2347">
    <p class='ocr_par' dir='ltr' id='par_1_2' title="bbox 231 288 1422 2347">
     <span class='ocr_line' id='line_1_2' title="bbox 283 288 1402 376; baseline -0.005 -19"><span class='ocrx_word' id='word_1_4' title='bbox 283 293 628 357; x_wconf 39' lang='lat' dir='ltr'>eommvhistoricorurn</span> <span class='ocrx_word' id='word_1_5' title='bbox 648 293 815 375; x_wconf 78' lang='lat' dir='ltr'>fragmenta</span> <span class='ocrx_word' id='word_1_6' title='bbox 840 292 1028 376; x_wconf 89' lang='lat' dir='ltr'>suppeditat,</span> <span class='ocrx_word' id='word_1_7' title='bbox 1049 311 1178 374; x_wconf 88' lang='lat' dir='ltr'>quorum</span> <span class='ocrx_word' id='word_1_8' title='bbox 1203 288 1281 353; x_wconf 80' lang='lat' dir='ltr'>nihil</span> <span class='ocrx_word' id='word_1_9' title='bbox 1311 289 1402 351; x_wconf 85' lang='lat' dir='ltr'>fere</span> 
     </span>
     <span class='ocr_line' id='line_1_3' title="bbox 283 389 1398 474; baseline -0.004 -20"><span class='ocrx_word' id='word_1_10' title='bbox 283 393 428 454; x_wconf 88' lang='lat' dir='ltr'>hactenus</span> <span class='ocrx_word' id='word_1_11' title='bbox 448 403 567 474; x_wconf 85' lang='lat' dir='ltr'>praeter</span> <span class='ocrx_word' id='word_1_12' title='bbox 580 413 696 453; x_wconf 91' lang='lat' dir='ltr'>nomen</span> <span class='ocrx_word' id='word_1_13' title='bbox 711 393 832 453; x_wconf 83' lang='lat' dir='ltr'>exstitit.</span> <span class='ocrx_word' id='word_1_14' title='bbox 878 393 934 453; x_wconf 90' lang='lat' dir='ltr'>His</span> <span class='ocrx_word' id='word_1_15' title='bbox 962 389 1155 453; x_wconf 82' lang='lat' dir='ltr'>corollarium</span> <span class='ocrx_word' id='word_1_16' title='bbox 1171 389 1398 469; x_wconf 72' lang='lat' dir='ltr'>addidImm,</span> 
     </span>
     <span class='ocr_line' id='line_1_4' title="bbox 283 488 1422 573; baseline -0.002 -22"><span class='ocrx_word' id='word_1_17' title='bbox 283 490 400 573; x_wconf 77' lang='lat' dir='ltr'>eclogas</span> <span class='ocrx_word' id='word_1_18' title='bbox 431 489 580 552; x_wconf 88' lang='lat' dir='ltr'>librorum</span> <span class='ocrx_word' id='word_1_19' title='bbox 612 490 739 550; x_wconf 91' lang='lat' dir='ltr'>Diodori</span> <span class='ocrx_word' id='word_1_20' title='bbox 773 488 865 552; x_wconf 87' lang='lat' dir='ltr'>Siculi</span> <span class='ocrx_word' id='word_1_21' title='bbox 894 491 1088 568; x_wconf 86' lang='lat' dir='ltr'>amissorum,</span> <span class='ocrx_word' id='word_1_22' title='bbox 1117 510 1192 571; x_wconf 86' lang='lat' dir='ltr'>quos</span> <span class='ocrx_word' id='word_1_23' title='bbox 1219 510 1236 548; x_wconf 93' lang='lat' dir='ltr'>e</span> <span class='ocrx_word' id='word_1_24' title='bbox 1260 488 1422 549; x_wconf 47' lang='lat' dir='ltr'>codice¹</span> 
     </span>
     <span class='ocr_line' id='line_1_5' title="bbox 282 586 1398 670; baseline -0.004 -19"><span class='ocrx_word' id='word_1_25' title='bbox 282 590 431 651; x_wconf 87' lang='lat' dir='ltr'>Lndovici</span> <span class='ocrx_word' id='word_1_26' title='bbox 455 589 618 651; x_wconf 81' lang='lat' dir='ltr'>Alemanni</span> <span class='ocrx_word' id='word_1_27' title='bbox 646 589 817 650; x_wconf 87' lang='lat' dir='ltr'>Florentini</span> <span class='ocrx_word' id='word_1_28' title='bbox 845 589 965 651; x_wconf 91' lang='lat' dir='ltr'>doctiss.</span> <span class='ocrx_word' id='word_1_29' title='bbox 994 590 1034 649; x_wconf 85' lang='lat' dir='ltr'>R.</span> <span class='ocrx_word' id='word_1_30' title='bbox 1056 589 1213 649; x_wconf 84' lang='lat' dir='ltr'>Thomson</span> <span class='ocrx_word' id='word_1_31' title='bbox 1244 586 1398 670; x_wconf 80' lang='lat' dir='ltr'>Anglus</span> 
     </span>
     <span class='ocr_line' id='line_1_6' title="bbox 284 686 1398 764; baseline -0.004 -13"><span class='ocrx_word' id='word_1_32' title='bbox 284 710 404 751; x_wconf 88' lang='lat' dir='ltr'>mecum</span> <span class='ocrx_word' id='word_1_33' title='bbox 421 691 516 750; x_wconf 90' lang='lat' dir='ltr'>amice</span> <span class='ocrx_word' id='word_1_34' title='bbox 527 691 773 750; x_wconf 77' lang='lat' dir='ltr'>communicavit.</span> <span class='ocrx_word' id='word_1_35' title='bbox 817 688 899 750; x_wconf 87' lang='lat' dir='ltr'>Haec</span> <span class='ocrx_word' id='word_1_36' title='bbox 918 699 1056 750; x_wconf 88' lang='lat' dir='ltr'>veterum</span> <span class='ocrx_word' id='word_1_37' title='bbox 1071 698 1289 764; x_wconf 84' lang='lat' dir='ltr'>monumenta,</span> <span class='ocrx_word' id='word_1_38' title='bbox 1316 686 1398 747; x_wconf 86' lang='lat' dir='ltr'>Vir</span> 
     </span>
     <span class='ocr_line' id='line_1_7' title="bbox 284 786 1398 870; baseline -0.002 -22"><span class='ocrx_word' id='word_1_39' title='bbox 284 787 482 869; x_wconf 89' lang='lat' dir='ltr'>amplissime,</span> <span class='ocrx_word' id='word_1_40' title='bbox 504 788 580 862; x_wconf 87' lang='lat' dir='ltr'>tihi,</span> <span class='ocrx_word' id='word_1_41' title='bbox 595 798 695 849; x_wconf 86' lang='lat' dir='ltr'>tantae</span> <span class='ocrx_word' id='word_1_42' title='bbox 710 788 863 870; x_wconf 79' lang='lat' dir='ltr'>dignitatis</span> <span class='ocrx_word' id='word_1_43' title='bbox 882 798 1042 870; x_wconf 84' lang='lat' dir='ltr'>tantaeque</span> <span class='ocrx_word' id='word_1_44' title='bbox 1061 788 1248 859; x_wconf 85' lang='lat' dir='ltr'>eruditionis,</span> <span class='ocrx_word' id='word_1_45' title='bbox 1261 786 1398 847; x_wconf 83' lang='lat' dir='ltr'>dicare</span> 
     </span>
     <span class='ocr_line' id='line_1_8' title="bbox 285 884 1395 965; baseline -0.003 -18"><span class='ocrx_word' id='word_1_46' title='bbox 285 907 348 947; x_wconf 91' lang='lat' dir='ltr'>non</span> <span class='ocrx_word' id='word_1_47' title='bbox 368 887 489 948; x_wconf 82' lang='lat' dir='ltr'>fuissem</span> <span class='ocrx_word' id='word_1_48' title='bbox 510 908 620 965; x_wconf 88' lang='lat' dir='ltr'>ausus,</span> <span class='ocrx_word' id='word_1_49' title='bbox 642 888 700 947; x_wconf 88' lang='lat' dir='ltr'>nisi</span> <span class='ocrx_word' id='word_1_50' title='bbox 721 885 857 947; x_wconf 75' lang='lat' dir='ltr'>nobiliss.</span> <span class='ocrx_word' id='word_1_51' title='bbox 880 888 1002 948; x_wconf 86' lang='lat' dir='ltr'>Marcus</span> <span class='ocrx_word' id='word_1_52' title='bbox 1023 886 1186 963; x_wconf 80' lang='lat' dir='ltr'>velserus,</span> <span class='ocrx_word' id='word_1_53' title='bbox 1211 884 1395 945; x_wconf 87' lang='lat' dir='ltr'>Duumvir</span> 
     </span>
     <span class='ocr_line' id='line_1_9' title="bbox 284 983 1392 1064; baseline -0.002 -17"><span class='ocrx_word' id='word_1_54' title='bbox 284 996 406 1062; x_wconf 84' lang='lat' dir='ltr'>noster,</span> <span class='ocrx_word' id='word_1_55' title='bbox 428 988 542 1046; x_wconf 91' lang='lat' dir='ltr'>amicus</span> <span class='ocrx_word' id='word_1_56' title='bbox 556 996 646 1063; x_wconf 88' lang='lat' dir='ltr'>tuus,</span> <span class='ocrx_word' id='word_1_57' title='bbox 671 1007 719 1046; x_wconf 91' lang='lat' dir='ltr'>me</span> <span class='ocrx_word' id='word_1_58' title='bbox 735 986 959 1064; x_wconf 86' lang='lat' dir='ltr'>confirmasset;</span> <span class='ocrx_word' id='word_1_59' title='bbox 980 987 1066 1046; x_wconf 90' lang='lat' dir='ltr'>cuius</span> <span class='ocrx_word' id='word_1_60' title='bbox 1081 984 1254 1046; x_wconf 85' lang='lat' dir='ltr'>liberalitati</span> <span class='ocrx_word' id='word_1_61' title='bbox 1272 983 1392 1045; x_wconf 84' lang='lat' dir='ltr'>editio</span> 
     </span>
     <span class='ocr_line' id='line_1_10' title="bbox 283 1082 1388 1146; baseline -0.002 -1"><span class='ocrx_word' id='word_1_62' title='bbox 283 1083 359 1145; x_wconf 87' lang='lat' dir='ltr'>haec</span> <span class='ocrx_word' id='word_1_63' title='bbox 378 1084 517 1146; x_wconf 85' lang='lat' dir='ltr'>debetur.</span> <span class='ocrx_word' id='word_1_64' title='bbox 559 1083 608 1145; x_wconf 83' lang='lat' dir='ltr'>Ac</span> <span class='ocrx_word' id='word_1_65' title='bbox 631 1105 701 1145; x_wconf 87' lang='lat' dir='ltr'>sane</span> <span class='ocrx_word' id='word_1_66' title='bbox 727 1083 890 1145; x_wconf 90' lang='lat' dir='ltr'>iucundam</span> <span class='ocrx_word' id='word_1_67' title='bbox 912 1085 976 1146; x_wconf 82' lang='lat' dir='ltr'>fore</span> <span class='ocrx_word' id='word_1_68' title='bbox 997 1085 1108 1146; x_wconf 87' lang='lat' dir='ltr'>horum</span> <span class='ocrx_word' id='word_1_69' title='bbox 1127 1084 1182 1145; x_wconf 90' lang='lat' dir='ltr'>tibi</span> <span class='ocrx_word' id='word_1_70' title='bbox 1203 1082 1388 1144; x_wconf 87' lang='lat' dir='ltr'>lectionem</span> 
     </span>
     <span class='ocr_line' id='line_1_11' title="bbox 284 1180 1386 1267; baseline -0.001 -25"><span class='ocrx_word' id='word_1_71' title='bbox 284 1182 491 1262; x_wconf 84' lang='lat' dir='ltr'>arbitramur,</span> <span class='ocrx_word' id='word_1_72' title='bbox 519 1184 679 1266; x_wconf 74' lang='lat' dir='ltr'>cognitum</span> <span class='ocrx_word' id='word_1_73' title='bbox 697 1204 768 1244; x_wconf 89' lang='lat' dir='ltr'>cum</span> <span class='ocrx_word' id='word_1_74' title='bbox 798 1181 857 1244; x_wconf 89' lang='lat' dir='ltr'>alia</span> <span class='ocrx_word' id='word_1_75' title='bbox 888 1182 1050 1245; x_wconf 69' lang='lat' dir='ltr'>obsuuatu</span> <span class='ocrx_word' id='word_1_76' title='bbox 1075 1203 1219 1267; x_wconf 85' lang='lat' dir='ltr'>perquam</span> <span class='ocrx_word' id='word_1_77' title='bbox 1251 1180 1386 1264; x_wconf 72' lang='lat' dir='ltr'>digna,</span> 
     </span>
     <span class='ocr_line' id='line_1_12' title="bbox 231 1278 1387 1365; baseline -0.001 -24"><span class='ocrx_word' id='word_1_78' title='bbox 231 1326 234 1335; x_wconf 86' lang='lat'>.</span> <span class='ocrx_word' id='word_1_79' title='bbox 283 1290 351 1342; x_wconf 88' lang='lat' dir='ltr'>tum</span> <span class='ocrx_word' id='word_1_80' title='bbox 379 1281 514 1364; x_wconf 86' lang='lat' dir='ltr'>exempla</span> <span class='ocrx_word' id='word_1_81' title='bbox 543 1285 632 1364; x_wconf 90' lang='lat' dir='ltr'>(quae</span> <span class='ocrx_word' id='word_1_82' title='bbox 654 1285 754 1365; x_wconf 81' lang='lat' dir='ltr'>patim·</span> <span class='ocrx_word' id='word_1_83' title='bbox 782 1285 879 1364; x_wconf 88' lang='lat' dir='ltr'>operis</span> <span class='ocrx_word' id='word_1_84' title='bbox 905 1284 983 1365; x_wconf 89' lang='lat' dir='ltr'>pars)</span> <span class='ocrx_word' id='word_1_85' title='bbox 1010 1285 1074 1344; x_wconf 88' lang='lat' dir='ltr'>eius</span> <span class='ocrx_word' id='word_1_86' title='bbox 1103 1282 1255 1358; x_wconf 89' lang='lat' dir='ltr'>muneris,</span> <span class='ocrx_word' id='word_1_87' title='bbox 1283 1278 1387 1362; x_wconf 90' lang='lat' dir='ltr'>quod</span> 
     </span>
     <span class='ocr_line' id='line_1_13' title="bbox 285 1380 1385 1463; baseline -0.001 -22"><span class='ocrx_word' id='word_1_88' title='bbox 285 1380 429 1463; x_wconf 79' lang='lat' dir='ltr'>singulari</span> <span class='ocrx_word' id='word_1_89' title='bbox 448 1380 526 1455; x_wconf 85' lang='lat' dir='ltr'>lide,</span> <span class='ocrx_word' id='word_1_90' title='bbox 556 1400 630 1441; x_wconf 87' lang='lat' dir='ltr'>cura</span> <span class='ocrx_word' id='word_1_91' title='bbox 649 1392 680 1441; x_wconf 90' lang='lat' dir='ltr'>et</span> <span class='ocrx_word' id='word_1_92' title='bbox 702 1380 882 1463; x_wconf 88' lang='lat' dir='ltr'>prudentia,</span> <span class='ocrx_word' id='word_1_93' title='bbox 903 1381 942 1442; x_wconf 91' lang='lat' dir='ltr'>de</span> <span class='ocrx_word' id='word_1_94' title='bbox 970 1383 1153 1463; x_wconf 80' lang='lat' dir='ltr'>gravissimis</span> <span class='ocrx_word' id='word_1_95' title='bbox 1172 1382 1281 1455; x_wconf 89' lang='lat' dir='ltr'>rebus,</span> <span class='ocrx_word' id='word_1_96' title='bbox 1310 1401 1385 1462; x_wconf 87' lang='lat' dir='ltr'>qua</span> 
     </span>
     <span class='ocr_line' id='line_1_14' title="bbox 284 1478 1382 1563; baseline 0 -23"><span class='ocrx_word' id='word_1_97' title='bbox 284 1499 340 1561; x_wconf 86' lang='lat' dir='ltr'>per</span> <span class='ocrx_word' id='word_1_98' title='bbox 369 1481 562 1541; x_wconf 86' lang='lat' dir='ltr'>Germaniam</span> <span class='ocrx_word' id='word_1_99' title='bbox 582 1491 613 1541; x_wconf 89' lang='lat' dir='ltr'>et</span> <span class='ocrx_word' id='word_1_100' title='bbox 635 1478 835 1558; x_wconf 85' lang='lat' dir='ltr'>Sarmatiam,</span> <span class='ocrx_word' id='word_1_101' title='bbox 869 1501 930 1562; x_wconf 89' lang='lat' dir='ltr'>qua</span> <span class='ocrx_word' id='word_1_102' title='bbox 952 1500 1006 1563; x_wconf 89' lang='lat' dir='ltr'>per</span> <span class='ocrx_word' id='word_1_103' title='bbox 1029 1479 1166 1555; x_wconf 84' lang='lat' dir='ltr'>ltaliam,</span> <span class='ocrx_word' id='word_1_104' title='bbox 1183 1501 1203 1539; x_wconf 87' lang='lat' dir='ltr'>a</span> <span class='ocrx_word' id='word_1_105' title='bbox 1231 1481 1382 1540; x_wconf 86' lang='lat' dir='ltr'>maximo</span> 
     </span>
     <span class='ocr_line' id='line_1_15' title="bbox 284 1577 1381 1663; baseline -0.001 -24"><span class='ocrx_word' id='word_1_106' title='bbox 284 1578 412 1640; x_wconf 86' lang='lat' dir='ltr'>Caesare</span> <span class='ocrx_word' id='word_1_107' title='bbox 441 1578 479 1640; x_wconf 89' lang='lat' dir='ltr'>ad</span> <span class='ocrx_word' id='word_1_108' title='bbox 502 1600 636 1641; x_wconf 90' lang='lat' dir='ltr'>summos</span> <span class='ocrx_word' id='word_1_109' title='bbox 655 1580 812 1663; x_wconf 87' lang='lat' dir='ltr'>Principes</span> <span class='ocrx_word' id='word_1_110' title='bbox 831 1582 953 1653; x_wconf 89' lang='lat' dir='ltr'>missus,</span> <span class='ocrx_word' id='word_1_111' title='bbox 985 1579 1109 1658; x_wconf 78' lang='lat' dir='ltr'>obiisti3</span> <span class='ocrx_word' id='word_1_112' title='bbox 1132 1577 1381 1659; x_wconf 73' lang='lat' dir='ltr'>tuamdiorem,</span> 
     </span>
     <span class='ocr_line' id='line_1_16' title="bbox 283 1670 1377 1762; baseline 0.001 -24"><span class='ocrx_word' id='word_1_113' title='bbox 283 1679 354 1761; x_wconf 88' lang='lat' dir='ltr'>quia</span> <span class='ocrx_word' id='word_1_114' title='bbox 375 1677 478 1761; x_wconf 82' lang='lat' dir='ltr'>lingua</span> <span class='ocrx_word' id='word_1_115' title='bbox 492 1678 608 1741; x_wconf 87' lang='lat' dir='ltr'>Graeca</span> <span class='ocrx_word' id='word_1_116' title='bbox 626 1679 740 1741; x_wconf 86' lang='lat' dir='ltr'>isthaec</span> <span class='ocrx_word' id='word_1_117' title='bbox 764 1678 929 1762; x_wconf 81' lang='lat' dir='ltr'>prodeunt:</span> <span class='ocrx_word' id='word_1_118' title='bbox 951 1670 1036 1740; x_wconf 87' lang='lat' dir='ltr'>cuius</span> <span class='ocrx_word' id='word_1_119' title='bbox 1060 1681 1086 1739; x_wconf 81' lang='lat' dir='ltr'>Is</span> <span class='ocrx_word' id='word_1_120' title='bbox 1105 1689 1150 1738; x_wconf 91' lang='lat' dir='ltr'>est</span> <span class='ocrx_word' id='word_1_121' title='bbox 1168 1699 1254 1738; x_wconf 81' lang='lat' dir='ltr'>aanor</span> <span class='ocrx_word' id='word_1_122' title='bbox 1274 1688 1377 1753; x_wconf 86' lang='lat' dir='ltr'>tuus,</span> 
     </span>
     <span class='ocr_line' id='line_1_17' title="bbox 283 1775 1380 1859; baseline 0.002 -22"><span class='ocrx_word' id='word_1_123' title='bbox 283 1798 319 1838; x_wconf 89' lang='lat' dir='ltr'>ea</span> <span class='ocrx_word' id='word_1_124' title='bbox 339 1779 469 1859; x_wconf 88' lang='lat' dir='ltr'>peritia,</span> <span class='ocrx_word' id='word_1_125' title='bbox 493 1787 529 1837; x_wconf 90' lang='lat' dir='ltr'>ut</span> <span class='ocrx_word' id='word_1_126' title='bbox 559 1775 640 1838; x_wconf 92' lang='lat' dir='ltr'>locos</span> <span class='ocrx_word' id='word_1_127' title='bbox 664 1781 740 1840; x_wconf 87' lang='lat' dir='ltr'>scias</span> <span class='ocrx_word' id='word_1_128' title='bbox 763 1789 922 1840; x_wconf 87' lang='lat' dir='ltr'>auctorum</span> <span class='ocrx_word' id='word_1_129' title='bbox 941 1781 1095 1841; x_wconf 86' lang='lat' dir='ltr'>restituere</span> <span class='ocrx_word' id='word_1_130' title='bbox 1119 1776 1210 1852; x_wconf 87' lang='lat' dir='ltr'>illos,</span> <span class='ocrx_word' id='word_1_131' title='bbox 1232 1776 1272 1836; x_wconf 89' lang='lat' dir='ltr'>ad</span> <span class='ocrx_word' id='word_1_132' title='bbox 1289 1799 1380 1859; x_wconf 90' lang='lat' dir='ltr'>quos</span> 
     </span>
     <span class='ocr_line' id='line_1_18' title="bbox 284 1872 1378 1957; baseline -0.002 -21"><span class='ocrx_word' id='word_1_133' title='bbox 284 1874 324 1936; x_wconf 91' lang='lat' dir='ltr'>ab</span> <span class='ocrx_word' id='word_1_134' title='bbox 346 1874 413 1937; x_wconf 90' lang='lat' dir='ltr'>aliis</span> <span class='ocrx_word' id='word_1_135' title='bbox 433 1872 653 1935; x_wconf 85' lang='lat' dir='ltr'>conclamatum</span> <span class='ocrx_word' id='word_1_136' title='bbox 669 1885 724 1936; x_wconf 88' lang='lat' dir='ltr'>est.</span> <span class='ocrx_word' id='word_1_137' title='bbox 767 1876 853 1937; x_wconf 89' lang='lat' dir='ltr'>Nihil</span> <span class='ocrx_word' id='word_1_138' title='bbox 873 1878 971 1938; x_wconf 89' lang='lat' dir='ltr'>dicam</span> <span class='ocrx_word' id='word_1_139' title='bbox 992 1879 1030 1938; x_wconf 87' lang='lat' dir='ltr'>de</span> <span class='ocrx_word' id='word_1_140' title='bbox 1047 1876 1192 1937; x_wconf 85' lang='lat' dir='ltr'>beneficio</span> <span class='ocrx_word' id='word_1_141' title='bbox 1204 1895 1302 1957; x_wconf 89' lang='lat' dir='ltr'>,quo</span> <span class='ocrx_word' id='word_1_142' title='bbox 1321 1894 1378 1935; x_wconf 91' lang='lat' dir='ltr'>me</span> 
     </span>
     <span class='ocr_line' id='line_1_19' title="bbox 283 1951 1374 2056; baseline 0 -23"><span class='ocrx_word' id='word_1_143' title='bbox 283 1972 315 2033; x_wconf 91' lang='lat' dir='ltr'>in</span> <span class='ocrx_word' id='word_1_144' title='bbox 331 1972 418 2054; x_wconf 81' lang='lat' dir='ltr'>Reip.</span> <span class='ocrx_word' id='word_1_145' title='bbox 436 1969 586 2033; x_wconf 82' lang='lat' dir='ltr'>literariae</span> <span class='ocrx_word' id='word_1_146' title='bbox 602 1951 797 2033; x_wconf 87' lang='lat' dir='ltr'>commodum</span> <span class='ocrx_word' id='word_1_147' title='bbox 815 1960 928 2035; x_wconf 81' lang='lat' dir='ltr'>ornasti</span> <span class='ocrx_word' id='word_1_148' title='bbox 946 1977 1087 2036; x_wconf 83' lang='lat' dir='ltr'>maxImo.</span> <span class='ocrx_word' id='word_1_149' title='bbox 1130 1976 1191 2038; x_wconf 89' lang='lat' dir='ltr'>Pro</span> <span class='ocrx_word' id='word_1_150' title='bbox 1209 1993 1270 2055; x_wconf 90' lang='lat' dir='ltr'>quo</span> <span class='ocrx_word' id='word_1_151' title='bbox 1286 1975 1374 2056; x_wconf 78' lang='lat' dir='ltr'>grati</span> 
     </span>
     <span class='ocr_line' id='line_1_20' title="bbox 282 2068 1372 2156; baseline 0.001 -25"><span class='ocrx_word' id='word_1_152' title='bbox 282 2080 314 2131; x_wconf 91' lang='lat' dir='ltr'>et</span> <span class='ocrx_word' id='word_1_153' title='bbox 335 2069 476 2130; x_wconf 90' lang='lat' dir='ltr'>memoris</span> <span class='ocrx_word' id='word_1_154' title='bbox 491 2069 584 2129; x_wconf 87' lang='lat' dir='ltr'>animi</span> <span class='ocrx_word' id='word_1_155' title='bbox 602 2068 808 2130; x_wconf 78' lang='lat' dir='ltr'>testimonium</span> <span class='ocrx_word' id='word_1_156' title='bbox 830 2069 889 2133; x_wconf 87' lang='lat' dir='ltr'>hoc</span> <span class='ocrx_word' id='word_1_157' title='bbox 910 2093 974 2134; x_wconf 88' lang='lat' dir='ltr'>esse</span> <span class='ocrx_word' id='word_1_158' title='bbox 995 2071 1119 2156; x_wconf 87' lang='lat' dir='ltr'>aliquod</span> <span class='ocrx_word' id='word_1_159' title='bbox 1133 2072 1279 2155; x_wconf 86' lang='lat' dir='ltr'>patiaris,</span> <span class='ocrx_word' id='word_1_160' title='bbox 1302 2090 1372 2132; x_wconf 86' lang='lat' dir='ltr'>me·</span> 
     </span>
     <span class='ocr_line' id='line_1_21' title="bbox 282 2166 1370 2252; baseline 0.005 -25"><span class='ocrx_word' id='word_1_161' title='bbox 282 2186 343 2247; x_wconf 83' lang='lat' dir='ltr'>que</span> <span class='ocrx_word' id='word_1_162' title='bbox 358 2186 450 2247; x_wconf 88' lang='lat' dir='ltr'>porro</span> <span class='ocrx_word' id='word_1_163' title='bbox 467 2166 710 2228; x_wconf 87' lang='lat' dir='ltr'>commendatum</span> <span class='ocrx_word' id='word_1_164' title='bbox 737 2167 850 2229; x_wconf 83' lang='lat' dir='ltr'>habere</span> <span class='ocrx_word' id='word_1_165' title='bbox 871 2171 1019 2251; x_wconf 76' lang='lat' dir='ltr'>digneris,</span> <span class='ocrx_word' id='word_1_166' title='bbox 1041 2172 1132 2231; x_wconf 87' lang='lat' dir='ltr'>etiam</span> <span class='ocrx_word' id='word_1_167' title='bbox 1156 2182 1248 2252; x_wconf 90' lang='lat' dir='ltr'>atque</span> <span class='ocrx_word' id='word_1_168' title='bbox 1272 2173 1370 2232; x_wconf 86' lang='lat' dir='ltr'>etiam</span> 
     </span>
     <span class='ocr_line' id='line_1_22' title="bbox 282 2248 1422 2347; baseline 0.007 -22"><span class='ocrx_word' id='word_1_169' title='bbox 282 2285 348 2326; x_wconf 90' lang='lat' dir='ltr'>oro.</span> <span class='ocrx_word' id='word_1_170' title='bbox 390 2265 471 2326; x_wconf 88' lang='lat' dir='ltr'>Bene</span> <span class='ocrx_word' id='word_1_171' title='bbox 489 2263 578 2345; x_wconf 85' lang='lat' dir='ltr'>vale,</span> <span class='ocrx_word' id='word_1_172' title='bbox 592 2265 774 2347; x_wconf 86' lang='lat' dir='ltr'>praesidium</span> <span class='ocrx_word' id='word_1_173' title='bbox 795 2289 830 2329; x_wconf 89' lang='lat' dir='ltr'>ac</span> <span class='ocrx_word' id='word_1_174' title='bbox 848 2266 940 2330; x_wconf 90' lang='lat' dir='ltr'>decus</span> <span class='ocrx_word' id='word_1_175' title='bbox 955 2270 1122 2330; x_wconf 87' lang='lat' dir='ltr'>Musarum.</span> <span class='ocrx_word' id='word_1_176' title='bbox 1421 2248 1422 2259; x_wconf 60' lang='lat'>.</span> 
     </span>
    </p>
   </div>
   <div class='ocr_carea' id='block_1_3' title="bbox 365 2362 1363 2451">
    <p class='ocr_par' dir='ltr' id='par_1_3' title="bbox 365 2362 1363 2451">
     <span class='ocr_line' id='line_1_23' title="bbox 365 2362 1363 2451; baseline 0.001 -25"><span class='ocrx_word' id='word_1_177' title='bbox 365 2363 519 2447; x_wconf 74' lang='lat' dir='ltr'>Augustae</span> <span class='ocrx_word' id='word_1_178' title='bbox 525 2362 676 2427; x_wconf 90' lang='lat' dir='ltr'>Vindelic.</span> <span class='ocrx_word' id='word_1_179' title='bbox 688 2365 833 2448; x_wconf 77' lang='lat' dir='ltr'>postridie</span> <span class='ocrx_word' id='word_1_180' title='bbox 847 2366 929 2429; x_wconf 88' lang='lat' dir='ltr'>Non.</span> <span class='ocrx_word' id='word_1_181' title='bbox 937 2367 1065 2451; x_wconf 83' lang='lat' dir='ltr'>Aprilis,</span> <span class='ocrx_word' id='word_1_182' title='bbox 1073 2369 1115 2429; x_wconf 79' lang='lat' dir='ltr'>A.</span> <span class='ocrx_word' id='word_1_183' title='bbox 1124 2367 1156 2432; x_wconf 86' lang='lat' dir='ltr'>S.</span> <span class='ocrx_word' id='word_1_184' title='bbox 1166 2367 1363 2433; x_wconf 69' lang='lat' dir='ltr'>moment.</span> 
     </span>
    </p>
   </div>
   <div class='ocr_carea' id='block_1_4' title="bbox 0 0 1460 4717">
    <p class='ocr_par' dir='ltr' id='par_1_4' title="bbox 0 0 1460 4717">
     <span class='ocr_line' id='line_1_24' title="bbox 0 0 1460 4717; baseline 0 1"><span class='ocrx_word' id='word_1_185' title='bbox 0 0 1460 4717; x_wconf 95' lang='lat' dir='ltr'> </span> 
     </span>
    </p>
   </div>
  </div>
 </body>
</html>
