2909 4717
293 200 346 259 XX
404 204 407 211 “
696 196 752 258 DE
778 192 970 263 ummo,

292 347 365 411 ἐστί
383 344 453 431 (τάς
478 346 540 433 γάρ
569 345 604 411 ἐν
630 346 741 435 Λυδίη
764 343 898 427 Σάρδεις
917 343 992 429 ἔσχε
1011 346 1179 431 πατρίδα).
1218 341 1413 426 δυσσεβὴς

294 446 330 509 δέ
349 442 406 529 τὴν
425 447 597 530 θρησκείαν
616 438 662 509 οἱν
685 443 740 532 (τά
754 444 909 528 Ἑλλήνων
928 444 991 529 γάρ
1022 447 1130 526 ἐτιμα)
1150 439 1225 518 τούς
1243 443 1309 522 μὲν
1333 442 1413 505 επί-

294 545 401 631 σεβείᾳ
427 541 484 608 τὶν
515 545 679 625 βασιλείαν
708 540 929 627 κοσμήσαντας
949 542 1044 608 παντὶ
1062 537 1167 629 τρόπῳ
1187 538 1243 605 καί
1262 540 1409 623 άνέδην

294 639 430 719 κακίζων
452 641 617 725 διασύρει,
640 639 696 706 καί
714 638 853 723 μάλιστά
873 665 908 725 γε
926 638 980 707 τόν
1002 644 1102 723 μέγαν
1121 644 1385 705 Κωνσταντῖνον
1394 687 1410 720 ,

297 743 415 825 ἐξαίρει
445 742 481 806 δὲ
508 739 583 818 τούς
604 742 782 823 δυσσεβεῖς,
809 739 864 804 καὶ
882 744 945 807 τιύν
968 732 1073 805 ἄλλων
1091 739 1185 804 πλέον
1210 736 1409 802 Ἰουλιανόν

298 836 357 904 τόν
377 838 582 923 παραβάτην,
609 837 665 903 καὶ
682 839 799 922 σχεδόν
818 864 851 903 τι
870 836 905 904 τὸ
927 843 983 924 τῆς
1006 836 1148 920 ἱστορίαις
1168 836 1254 924 αύτῷ
1276 837 1327 912 εἷς
1354 832 1404 900 τό

300 936 419 1003 ἐκείνου
439 935 592 1021 ἐγκαύμιον
611 940 761 1003 συντεθὲν
780 936 965 1023 ἐξεπονηθη.
992 934 1062 1003 ,ἔστι
1082 938 1119 1001 δέ
1137 932 1309 1018 καλλιεπης
1330 933 1407 1017 την

302 1032 436 1122 φράσεν,
458 1035 489 1101 εἰ
507 1038 643 1122 περιέλοι
663 1060 713 1111 τις
733 1035 818 1123 αύτῷ
837 1038 900 1101 ταῖν
920 1037 1019 1120 λόγων
1038 1032 1075 1099 τό
1097 1035 1405 1120 α’λεκτρυονοό-

302 1136 370 1210 δες
388 1136 443 1199 καί
462 1135 833 1221 ἐλαφωδέστερον,
854 1135 910 1199 καὶ
928 1137 1238 1219 συιοδέσιερον,
1258 1130 1315 1196 καὶ
1337 1133 1405 1196 δέ-

302 1233 397 1318 κα(Ι.
417 1230 472 1297 καὶ
493 1230 533 1316 δὴ
553 1234 609 1296 ναὶ
628 1236 678 1317 Ν.)
706 1229 782 1307 τούς
815 1228 1088 1318 ἱερακούδεις,
1119 1236 1175 1298 καί
1200 1227 1405 1317 κορακεό-

304 1332 407 1412 δεις,
428 1328 483 1395 καί
499 1328 763 1414 πιθηκεόδεις,
785 1330 840 1395 καί
858 1329 894 1396 τό
916 1333 1166 1412 ποταμοῖδες
1186 1328 1403 1415 δάκρυον,

304 1428 360 1495 καί
378 1428 416 1494 τά
436 1424 684 1510 όμοια·τούτοις
701 1426 763 1514 γάρ
782 1428 837 1493 καὶ
854 1426 911 1513 τη“ν
931 1422 1029 1513 ἄλλην
1046 1433 1108 1495 τιύν
1123 1428 1286 1511 ὀνομάτων
1298 1450 1404 1510 περι-

305 1529 491 1610 λυμαίνεται
518 1531 574 1593 καί
601 1523 782 1592 διανοθεύει
812 1520 977 1611 εύγένειαν.
1018 1528 1073 1592 καί
1098 1534 1229 1611 τροπαῖς
1257 1526 1318 1607 μὲν
1340 1527 1405 1589 κέ-

304 1624 423 1711 χρηται
454 1623 665 1710 παραβόλως,
695 1621 769 1708 ὅπερ
799 1620 891 1711 ότῆς
913 1623 1053 1707 ἱστορίας
1073 1620 1130 1688 ούκ
1150 1627 1255 1691 ἐθίλει
1274 1623 1401 1704 νόμος,

306 1719 491 1812 άφαιρεῖται
522 1726 558 1788 δὲ
587 1722 624 1787 τό
655 1727 777 1789 λυποῦν
805 1723 825 1809 ἦ
853 1726 909 1808 τῆς
936 1728 1046 1802 λέξεως
1066 1721 1203 1809 ἔμφασις
1222 1720 1262 1787 τιὶ
1285 1720 1401 1787 πολλοὶ

306 1827 362 1890 καί
389 1818 560 1906 α’στειότης.
600 1826 639 1909 τῇ
659 1819 801 1908 συνθήκῃ
832 1824 868 1886 δὲ
889 1826 944 1888 καί
961 1825 1004 1911 τῷ
1024 1830 1126 1909 σαφεῖ
1141 1820 1220 1905 πρός
1244 1818 1400 1904 ἱστορίαν

307 1920 363 1988 καὶ
373 1930 441 1997 ταῖς
454 1916 612 2003 περιόδοις
633 1922 820 2001 συμμέτρως
839 1918 896 1983 καὶ
914 1921 1034 1997 οἰκείως
1054 1919 1136 2003 ἔχει·
1158 1915 1238 2003 πλὴν
1258 1921 1403 2000 ἐνιαχοῦ

308 2014 549 2103 δικανικώτερον
566 2019 686 2097 μάλλον
705 2009 727 2100 ἢ
747 2011 981 2099 ἱστορικοάτερον
999 2026 1113 2097 μεστοί
1135 2026 1194 2082 καί
1208 2012 1400 2105 περιβάλλει

307 2117 365 2184 τόν
384 2116 484 2200 λόγον.
524 2112 699 2200 νεωτερίζει
727 2115 754 2178 δ’
776 2108 833 2177 ούιι
854 2111 945 2196 ύλίγα
966 2115 1021 2178 καί
1039 2114 1114 2199 περὶ
1141 2113 1200 2191 τοὶς
1220 2113 1397 2197 συντάξεις,

309 2217 392 2301 πλην
416 2216 473 2279 ούκ
508 2216 553 2291 εἰς
578 2210 614 2279 τό
648 2205 770 2299 ύχαρι,
800 2213 870 2279 ούδ’
890 2214 936 2288 είς
959 2210 994 2277 τό
1017 2222 1085 2288 ταῖς
1110 2212 1262 2297 μεθόδους
1291 2211 1397 2300 λοβην

310 2318 486 2381 ἐπιδοῦναι.

392 2410 460 2479 Δύο
475 2414 511 2476 δὲ
522 2411 740 2494 πραγματείαις
758 2409 816 2496 τήν
841 2404 940 2497 αύτην
952 2410 1162 2498 περιεχούσας
1174 2411 1315 2498 ἱστορίαν
1333 2437 1396 2477 σα·

310 2509 503 2597 υεγράψατο,
524 2506 650 2595 πρωτην
669 2508 725 2574 καί
744 2511 905 2595 δευτέραν.
925 2511 980 2576 καί
998 2514 1032 2578 ἐν
1051 2514 1110 2593 μὲν
1132 2518 1173 2601 τῇ
1191 2510 1296 2599 πρώτη
1317 2517 1397 2577 πολ-

311 2607 370 2695 λῆν
390 2607 470 2674 κατά
493 2613 548 2691 τῆς
568 2611 712 2693 καθαρᾶς
733 2603 822 2691 ἡμῶν
842 2613 904 2673 τῶν
920 2614 1126 2695 Χριστιανῶν
1145 2610 1277 2686 πύστεως
1296 2635 1396 2675 κατα-

290 2749 296 2762 ·
314 2706 436 2791 σπείρει
455 2709 671 2791 βλασφημίαν,
693 2710 748 2772 καί
766 2704 824 2790 την
837 2701 1000 2794 ἐλληνικην
1019 2711 1227 2790 α’ποσεμνύυει
1241 2711 1396 2773 δεισιδαι-

312 2809 438 2890 μονίαν,
451 2801 551 2871 πολλά
565 2808 627 2870 τῶν
646 2801 788 2889 εύσεβοῖν
809 2811 964 2888 βασιλέων
983 2804 1236 2888 καθαπτόμενος·
1256 2808 1290 2870 ἐν
1304 2809 1338 2872 δέ
1353 2808 1395 2893 τῇ

314 2907 464 2993 δευτέρη,
498 2900 536 2988 ἢν
554 2901 610 2967 καὶ
627 2905 715 2969 νέαν
736 2903 891 2972 ἔκδοσιν
910 2903 1094 2991 ἐπιγράφει,
1122 2902 1180 2989 την
1198 2906 1258 2986 μὲν
1277 2902 1406 2989 πολλήν

313 3000 410 3087 ύβριν
440 3003 496 3066 καί
521 3000 708 3087 άοέλγειαν,
741 3001 782 3091 ἣν
814 3002 894 3069 κατά
929 3009 986 3085 τῆς
1014 3005 1175 3087 εύσεβείας
1207 3004 1391 3087 ἐσκέδαζεν,

313 3101 531 3182 ὑποτέμνεται,
566 3098 603 3165 τό
634 3104 670 3166 δὲ
691 3101 802 3168 λοιπόν
821 3106 881 3189 τῆς
901 3105 1086 3189 συγγραφῆς
1106 3098 1199 3183 σῶμα
1228 3103 1390 3186 συνείρας,

315 3201 389 3264 νέαν
409 3196 556 3281 ἔκδοσιν,
585 3194 628 3276 οἱς
648 3196 786 3286 ἔφημεν,
817 3199 1000 3288 ἐπιγράφει,
1034 3200 1081 3266 ἐτι
1101 3197 1201 3264 πολλά
1221 3201 1277 3283 τῆς
1296 3201 1392 3265 ἐκεῖσε

315 3295 434 3381 λύσσης
454 3297 705 3384 ύποφαίνουσαν.
748 3293 868 3385 ύμφοίν
897 3301 932 3365 δέ
957 3307 1027 3376 ταῖς
1047 3293 1207 3365 ἐκδόσεσιν
1227 3299 1261 3362 ἐν
1281 3304 1392 3363 παλαι-

317 3404 362 3471 οἷς
391 3392 582 3481 ἐνετύχομεν
610 3400 769 3479 βιβλίοις,
803 3400 892 3473 ἰδίοις
925 3394 1078 3482 ἑκατέραν
1104 3399 1138 3463 ἐν
1167 3392 1261 3485 ἑτέρῳ
1290 3396 1391 3483 τεύχει

316 3492 372 3558 καὶ
399 3490 493 3582 ἱτέρφ
525 3498 793 3581 συντεταγμένην·
826 3497 860 3574 ἐξ
886 3487 932 3561 (όν
958 3490 1063 3562 αύτοὶν
1085 3498 1141 3561 καί
1160 3493 1217 3581 την
1237 3492 1389 3582 διαφοράν

317 3587 541 3672 άναλεξάμενοι
562 3592 705 3677 ἔγνωμεν.
727 3598 897 3677 συμβαίνει
917 3588 974 3661 ούν
994 3597 1029 3660 ἐν
1049 3598 1087 3683 τῇ
1106 3597 1160 3682 νέρι
1181 3590 1301 3658 ἐκδόσει
1319 3599 1390 3658 πολ-

316 3689 357 3756 λοὶ
380 3695 443 3756 τῶν
460 3695 589 3773 χωρίων
609 3691 663 3757 διά
685 3692 743 3770 τάς
762 3696 967 3779 γεγενημένας
1001 3696 1065 3759 τοὶν
1092 3689 1198 3779 ῥητῶν
1230 3689 1389 3775 περικοπὰς

318 3791 452 3877 α’σαφῶς
471 3792 650 3874 ἐκκεῖσθαι,
674 3795 776 3857 καίτοι
798 3790 980 3879 φροντιστής
1001 3794 1067 3857 ἐστι
1086 3795 1143 3857 τού
1162 3793 1306 3877 σοφούς·
1325 3784 1389 3853 ἀλλ’

318 3887 380 3978 ότιγ
401 3887 505 3975 τρόπῳ
526 3891 625 3972 λέγειν
652 3895 709 3954 ούκ
729 3889 814 3973 ἔχω,
845 3890 890 3975 μη
919 3891 1022 3968 καλαῖς
1051 3891 1130 3956 κατοὶ
1153 3888 1209 3966 τοὶς
1227 3886 1389 3975 περικοπεὶς

318 3983 464 4071 ἁρμόσας
482 3983 555 4061 τούς
575 3984 689 4072 λόγους
706 3986 741 4053 ἐν
761 3994 801 4076 τῇ
820 3991 952 4076 δευτέρᾳ
972 3991 1096 4054 ἐκδόσει
1115 3988 1171 4055 τόν
1190 3994 1266 4055 νούν
1286 3989 1388 4071 λυμαί-

317 4106 402 4148 νεται
421 4086 484 4150 τεόν
503 4085 806 4172 ἀναγινωσκομένων.
847 4090 882 4156 ἐν
902 4080 949 4165 οἷς
968 4086 1024 4155 καί
1041 4085 1077 4154 τό
1098 4091 1196 4164 τέλος.
